%% This BibTeX bibliography file was created using BibDesk.
%% http://bibdesk.sourceforge.net/

%% Created for alm at 2015-08-12 09:28:12 +0200 


%% Saved with string encoding Unicode (UTF-8) 


@string{aaecc = {Applicable Algebra in Engineering, Communication and Computing}}

@string{entcs = {Electronic Notes in Theoretical Computer Science}}

@string{fi = {Fundamenta Informaticae}}

@string{ic = {Information and Computation}}

@string{ipl = {Information Processing Letters}}

@string{jar = {Journal of Automated Reasoning}}

@string{jsc = {Journal of Symbolic Computation}}

@string{lnai = {LNAI}}

@string{lncs = {LNCS}}

@string{tcs = {Theoretical Computer Science}}


@book{Okasaki:1998:PFD:280586,
	Address = {New York, NY, USA},
	Author = {Okasaki, Chris},
	Date-Added = {2015-08-12 07:26:30 +0000},
	Date-Modified = {2015-08-12 07:26:30 +0000},
	Isbn = {0-521-63124-6},
	Publisher = {Cambridge University Press},
	Title = {Purely Functional Data Structures},
	Year = {1998},
	Bdsk-File-1 = {YnBsaXN0MDDUAQIDBAUGJCVYJHZlcnNpb25YJG9iamVjdHNZJGFyY2hpdmVyVCR0b3ASAAGGoKgHCBMUFRYaIVUkbnVsbNMJCgsMDxJXTlMua2V5c1pOUy5vYmplY3RzViRjbGFzc6INDoACgAOiEBGABIAFgAdccmVsYXRpdmVQYXRoWWFsaWFzRGF0YV8QMy4uL2ZwL29rYXNha2ktcHVyZWx5IGZ1bmN0aW9uYWwgZGF0YSBzdHJ1Y3R1cmVzLnBkZtIXCxgZV05TLmRhdGFPEQHkAAAAAAHkAAIAAAVHYW1tYQAAAAAAAAAAAAAAAAAAAAAAAAAAAADQk40jSCsAAABuAjgfb2thc2FraS1wdXJlbHkgZnVuY3QjNkUwMjNBLnBkZgAAAAAAAAAAAAAAAAAAAAAAAAAAAAAAAAAAAAAAAAAAAG4COtHwwBMAAAAAAAAAAAABAAIAAAkgAAAAAAAAAAAAAAAAAAAAAmZwABAACAAA0JN/EwAAABEACAAA0fCj8wAAAAEAFABuAjgAF/PhAAYngAAGJ38AApOZAAIARkdhbW1hOlVzZXJzOgBhbG06AERvY3VtZW50czoAZG9jczoAZnA6AG9rYXNha2ktcHVyZWx5IGZ1bmN0IzZFMDIzQS5wZGYADgBcAC0AbwBrAGEAcwBhAGsAaQAtAHAAdQByAGUAbAB5ACAAZgB1AG4AYwB0AGkAbwBuAGEAbAAgAGQAYQB0AGEAIABzAHQAcgB1AGMAdAB1AHIAZQBzAC4AcABkAGYADwAMAAUARwBhAG0AbQBhABIASVVzZXJzL2FsbS9Eb2N1bWVudHMvZG9jcy9mcC9va2FzYWtpLXB1cmVseSBmdW5jdGlvbmFsIGRhdGEgc3RydWN0dXJlcy5wZGYAABMAAS8AABUAAgAK//8AAIAG0hscHR5aJGNsYXNzbmFtZVgkY2xhc3Nlc11OU011dGFibGVEYXRhox0fIFZOU0RhdGFYTlNPYmplY3TSGxwiI1xOU0RpY3Rpb25hcnmiIiBfEA9OU0tleWVkQXJjaGl2ZXLRJidUcm9vdIABAAgAEQAaACMALQAyADcAQABGAE0AVQBgAGcAagBsAG4AcQBzAHUAdwCEAI4AxADJANECuQK7AsACywLUAuIC5gLtAvYC+wMIAwsDHQMgAyUAAAAAAAACAQAAAAAAAAAoAAAAAAAAAAAAAAAAAAADJw==}}

@booklet{SR1,
	Abstract = {First order theorem proving is more than hard.
iProver, an instantiation-based theorem prover, has demonstrated notable performance in competitions
and has been dominating the effectively propositional fragment in automated theorem proving since 2008.
An attempt to extend its power to first order logic with equality is recapped in this report.},
	Author = {Alexander Maringele},
	Date-Added = {2015-07-25 07:51:24 +0000},
	Date-Modified = {2015-07-25 09:37:37 +0000},
	Title = {Seminar Report -- {I}nstantiation-based {T}heorem {P}roving with {E}quality},
	Year = {2014},
	Bdsk-File-1 = {YnBsaXN0MDDUAQIDBAUGJCVYJHZlcnNpb25YJG9iamVjdHNZJGFyY2hpdmVyVCR0b3ASAAGGoKgHCBMUFRYaIVUkbnVsbNMJCgsMDxJXTlMua2V5c1pOUy5vYmplY3RzViRjbGFzc6INDoACgAOiEBGABIAFgAdccmVsYXRpdmVQYXRoWWFsaWFzRGF0YV8QEi4uL20xL20xcmVwb3J0LnBkZtIXCxgZV05TLmRhdGFPEQFuAAAAAAFuAAIAAAVHYW1tYQAAAAAAAAAAAAAAAAAAAAAAAAAAAADQk40jSCsAAABEym8MbTFyZXBvcnQucGRmAAAAAAAAAAAAAAAAAAAAAAAAAAAAAAAAAAAAAAAAAAAAAAAAAAAAAAAAAAAAAAAAAAAAAFMmldG6crUAAAAAAAAAAAABAAIAAAkgAAAAAAAAAAAAAAAAAAAAAm0xABAACAAA0JN/EwAAABEACAAA0bpWlQAAAAEAFABEym8AF/PhAAYngAAGJ38AApOZAAIAM0dhbW1hOlVzZXJzOgBhbG06AERvY3VtZW50czoAZG9jczoAbTE6AG0xcmVwb3J0LnBkZgAADgAaAAwAbQAxAHIAZQBwAG8AcgB0AC4AcABkAGYADwAMAAUARwBhAG0AbQBhABIAKFVzZXJzL2FsbS9Eb2N1bWVudHMvZG9jcy9tMS9tMXJlcG9ydC5wZGYAEwABLwAAFQACAAr//wAAgAbSGxwdHlokY2xhc3NuYW1lWCRjbGFzc2VzXU5TTXV0YWJsZURhdGGjHR8gVk5TRGF0YVhOU09iamVjdNIbHCIjXE5TRGljdGlvbmFyeaIiIF8QD05TS2V5ZWRBcmNoaXZlctEmJ1Ryb290gAEACAARABoAIwAtADIANwBAAEYATQBVAGAAZwBqAGwAbgBxAHMAdQB3AIQAjgCjAKgAsAIiAiQCKQI0Aj0CSwJPAlYCXwJkAnECdAKGAokCjgAAAAAAAAIBAAAAAAAAACgAAAAAAAAAAAAAAAAAAAKQ}}

@incollection{citeulike:604165,
	Abstract = {{. We present an \&quot;unfailing\&quot; extension of the standard KnuthBendix
completion procedure that is guaranteed to produce a desired canonical
system, provided certain conditions are met. We prove that this unfailing
completion method is refutationally complete for theorem proving in
equational theories. The method can also be applied to Horn clauses with
equality, in which case it corresponds to positive unit resolution plus oriented
paramodulation, with unrestricted simplification.
1

This research ...}},
	Address = {New York},
	Author = {Bachmair, Leo and Dershowitz, Nachum and Plaisted, David A.},
	Booktitle = {Resolution of Equations in Algebraic Structures},
	Citeulike-Article-Id = {604165},
	Citeulike-Linkout-0 = {http://citeseerx.ist.psu.edu/viewdoc/summary?doi=10.1.1.52.1275},
	Date-Added = {2015-07-21 04:56:50 +0000},
	Date-Modified = {2015-07-21 04:56:50 +0000},
	Editor = {Kaci, A\"\it H. and Nivat, M.},
	Keywords = {completion, trs, unfailing-completion},
	Pages = {1--30},
	Posted-At = {2006-04-27 05:37:27},
	Priority = {0},
	Publisher = {Academic Press},
	Title = {{Completion Without Failure}},
	Url = {http://citeseerx.ist.psu.edu/viewdoc/summary?doi=10.1.1.52.1275},
	Volume = {2: Rewriting Techniques},
	Year = {1989},
	Bdsk-Url-1 = {http://citeseerx.ist.psu.edu/viewdoc/summary?doi=10.1.1.52.1275}}

@article{journals/jacm/BachmairD94,
	Added-At = {2003-11-20T00:00:00.000+0100},
	Author = {Bachmair, Leo and Dershowitz, Nachum},
	Biburl = {http://www.bibsonomy.org/bibtex/242041289d083bd88eb3ee02a620437a5/dblp},
	Date = {2003-11-20},
	Date-Added = {2015-07-21 04:52:10 +0000},
	Date-Modified = {2015-07-21 04:52:10 +0000},
	Description = {dblp},
	Ee = {http://doi.acm.org/10.1145/174652.174655},
	Interhash = {ee4082f40c581b80d9d44253f8f3703a},
	Intrahash = {42041289d083bd88eb3ee02a620437a5},
	Journal = {J. ACM},
	Keywords = {dblp},
	Number = 2,
	Pages = {236-276},
	Timestamp = {2003-11-20T00:00:00.000+0100},
	Title = {Equational Inference, Canonical Proofs, and Proof Orderings.},
	Url = {http://dblp.uni-trier.de/db/journals/jacm/jacm41.html#BachmairD94},
	Volume = 41,
	Year = 1994,
	Bdsk-Url-1 = {http://dblp.uni-trier.de/db/journals/jacm/jacm41.html#BachmairD94}}

@inproceedings{conf/lics/BachmairDH86,
	Added-At = {2015-01-22T00:00:00.000+0100},
	Author = {Bachmair, Leo and Dershowitz, Nachum and Hsiang, Jieh},
	Biburl = {http://www.bibsonomy.org/bibtex/24a6daef92722e9518e085ca376c46501/dblp},
	Booktitle = {LICS},
	Crossref = {conf/lics/1986},
	Date-Added = {2015-07-21 04:46:22 +0000},
	Date-Modified = {2015-07-21 04:46:22 +0000},
	Interhash = {b0e6e954359419422a09f6c292298c47},
	Intrahash = {4a6daef92722e9518e085ca376c46501},
	Isbn = {0-8186-0720-3},
	Keywords = {dblp},
	Pages = {346-357},
	Publisher = {IEEE Computer Society},
	Timestamp = {2015-06-20T03:11:52.000+0200},
	Title = {Orderings for Equational Proofs},
	Url = {http://dblp.uni-trier.de/db/conf/lics/lics86.html#BachmairDH86},
	Year = 1986,
	Bdsk-Url-1 = {http://dblp.uni-trier.de/db/conf/lics/lics86.html#BachmairDH86}}

@article{Huet198111,
	Abstract = {We give in this paper a complete description of the Knuth-Bendix completion algorithm. We prove its correctness in full, isolating carefully the essential abstract notions, so that the proof may be extended to other versions and extensions of the basic algorithm. We show that it defines a semidecision algorithm for the validity problem in the equational theories for which it applies, yielding a decision procedure whenever the algorithm terminates. },
	Author = {G{\'e}rard Huet},
	Date-Added = {2015-07-15 17:35:55 +0000},
	Date-Modified = {2015-07-15 17:35:55 +0000},
	Doi = {http://dx.doi.org/10.1016/0022-0000(81)90002-7},
	Issn = {0022-0000},
	Journal = {Journal of Computer and System Sciences},
	Number = {1},
	Pages = {11 - 21},
	Title = {A complete proof of correctness of the Knuth-Bendix completion algorithm},
	Url = {http://www.sciencedirect.com/science/article/pii/0022000081900027},
	Volume = {23},
	Year = {1981},
	Bdsk-Url-1 = {http://www.sciencedirect.com/science/article/pii/0022000081900027},
	Bdsk-Url-2 = {http://dx.doi.org/10.1016/0022-0000(81)90002-7}}

@incollection{Knuth:1983aa,
	Author = {Knuth, D.E. and Bendix, P.B.},
	Booktitle = {Automation of Reasoning},
	Date-Added = {2015-07-15 17:32:37 +0000},
	Date-Modified = {2015-07-15 17:32:40 +0000},
	Doi = {10.1007/978-3-642-81955-1_23},
	Editor = {Siekmann, J{\"o}rgH. and Wrightson, Graham},
	Isbn = {978-3-642-81957-5},
	Language = {English},
	Pages = {342-376},
	Publisher = {Springer Berlin Heidelberg},
	Series = {Symbolic Computation},
	Title = {Simple Word Problems in Universal Algebras},
	Url = {http://dx.doi.org/10.1007/978-3-642-81955-1_23},
	Year = {1983},
	Bdsk-Url-1 = {http://dx.doi.org/10.1007/978-3-642-81955-1_23}}

@incollection{Kurihara:2004aa,
	Author = {Kurihara, Masahito and Kondo, Hisashi},
	Booktitle = {Innovations in Applied Artificial Intelligence},
	Date-Added = {2015-07-14 05:13:26 +0000},
	Date-Modified = {2015-07-14 05:13:28 +0000},
	Doi = {10.1007/978-3-540-24677-0_85},
	Editor = {Orchard, Bob and Yang, Chunsheng and Ali, Moonis},
	Isbn = {978-3-540-22007-7},
	Language = {English},
	Pages = {827-837},
	Publisher = {Springer Berlin Heidelberg},
	Series = {Lecture Notes in Computer Science},
	Title = {Efficient BDD Encodings for Partial Order Constraints with Application to Expert Systems in Software Verification},
	Url = {http://dx.doi.org/10.1007/978-3-540-24677-0_85},
	Volume = {3029},
	Year = {2004},
	Bdsk-Url-1 = {http://dx.doi.org/10.1007/978-3-540-24677-0_85}}

@inproceedings{incollectionyear2004isbn978-3-540-22007-7booktitleInnovationsinAppliedArtificialIntelligencevolume3029seriesLectureNotesinComputerScienceeditorOrchardBobandYangChunshengandAliMoonisdoi10.1007/978-3-540-24677-0_85titleEfficientBDDEncodingsforPartialOrderConstraintswithApplicationtoExpertSystemsinSoftwareVerificationurlhttp://dx.doi.org/10.1007/978-3-540-24677-0_85publisherSpringerBerlinHeidelbergauthorKuriharaMasahitoandKondoHisashipages827-837languageEnglish,
	Date-Added = {2015-07-14 05:13:16 +0000},
	Date-Modified = {2015-07-14 05:13:19 +0000}}

@incollection{Codish:2006aa,
	Author = {Codish, Michael and Lagoon, Vitaly and Stuckey, PeterJ.},
	Booktitle = {Term Rewriting and Applications},
	Date-Added = {2015-07-14 05:08:59 +0000},
	Date-Modified = {2015-07-14 05:09:03 +0000},
	Doi = {10.1007/11805618_2},
	Editor = {Pfenning, Frank},
	Isbn = {978-3-540-36834-2},
	Language = {English},
	Pages = {4-18},
	Publisher = {Springer Berlin Heidelberg},
	Series = {Lecture Notes in Computer Science},
	Title = {Solving Partial Order Constraints for LPO Termination},
	Url = {http://dx.doi.org/10.1007/11805618_2},
	Volume = {4098},
	Year = {2006},
	Bdsk-Url-1 = {http://dx.doi.org/10.1007/11805618_2}}

@book{Kroening:2008:DPA:1391237,
	Author = {Kroening, Daniel and Strichman, Ofer},
	Date-Added = {2015-06-25 10:08:51 +0000},
	Date-Modified = {2015-06-25 10:08:51 +0000},
	Edition = {1},
	Isbn = {3540741046, 9783540741046},
	Publisher = {Springer Publishing Company, Incorporated},
	Title = {Decision Procedures: An Algorithmic Point of View},
	Year = {2008}}

@book{Huth:2004:LCS:975331,
	Address = {New York, NY, USA},
	Author = {Huth, Michael and Ryan, Mark},
	Date-Added = {2015-06-25 09:52:43 +0000},
	Date-Modified = {2015-06-25 09:52:43 +0000},
	Isbn = {052154310X},
	Publisher = {Cambridge University Press},
	Title = {Logic in Computer Science: Modelling and Reasoning About Systems},
	Year = {2004}}

@book{Biere:2009:HSV:1550723,
	Address = {Amsterdam, The Netherlands, The Netherlands},
	Author = {Biere, A. and Biere, A. and Heule, M. and van Maaren, H. and Walsh, T.},
	Date-Added = {2015-06-25 09:35:45 +0000},
	Date-Modified = {2015-06-25 09:35:45 +0000},
	Isbn = {1586039296, 9781586039295},
	Publisher = {IOS Press},
	Title = {Handbook of Satisfiability: Volume 185 Frontiers in Artificial Intelligence and Applications},
	Year = {2009}}

@book{Fitting:1996:FLA:230183,
	Address = {Secaucus, NJ, USA},
	Author = {Fitting, Melvin},
	Date-Added = {2015-06-25 09:25:55 +0000},
	Date-Modified = {2015-06-25 09:25:55 +0000},
	Isbn = {0-387-94593-8},
	Publisher = {Springer-Verlag New York, Inc.},
	Title = {First-order Logic and Automated Theorem Proving (2Nd Ed.)},
	Year = {1996}}

@book{Baader:1998:TR:280474,
	Address = {New York, NY, USA},
	Author = {Baader, Franz and Nipkow, Tobias},
	Date-Added = {2015-06-25 09:19:26 +0000},
	Date-Modified = {2015-06-25 09:19:26 +0000},
	Isbn = {0-521-45520-0},
	Publisher = {Cambridge University Press},
	Title = {Term Rewriting and All That},
	Year = {1998}}

@inproceedings{SW2014wst,
	Author = {Haruhiko Sato and Sarah Winkler},
	Booktitle = {14th WST 2014. Proceedings},
	Date-Added = {2015-06-24 05:06:45 +0000},
	Date-Modified = {2015-06-24 06:12:49 +0000},
	Pages = {80-84},
	Title = {{A} {S}atisfiability {E}ncoding of {D}ependency {P}air {T}echniques for {M}aximal {C}ompletion},
	Year = {2014},
	Bdsk-File-1 = {YnBsaXN0MDDUAQIDBAUGJCVYJHZlcnNpb25YJG9iamVjdHNZJGFyY2hpdmVyVCR0b3ASAAGGoKgHCBMUFRYaIVUkbnVsbNMJCgsMDxJXTlMua2V5c1pOUy5vYmplY3RzViRjbGFzc6INDoACgAOiEBGABIAFgAdccmVsYXRpdmVQYXRoWWFsaWFzRGF0YV8QGC4uL3BhcGVycy9TVzE0X2Rwc2F0LnBkZtIXCxgZV05TLmRhdGFPEQGCAAAAAAGCAAIAAAVHYW1tYQAAAAAAAAAAAAAAAAAAAAAAAAAAAADQk40jSCsAAAAYCWcOU1cxNF9kcHNhdC5wZGYAAAAAAAAAAAAAAAAAAAAAAAAAAAAAAAAAAAAAAAAAAAAAAAAAAAAAAAAAAAAAAAAAAETLjdGxoyUAAAAAAAAAAAABAAIAAAkgAAAAAAAAAAAAAAAAAAAABnBhcGVycwAQAAgAANCTfxMAAAARAAgAANGxhwUAAAABABQAGAlnABfz4QAGJ4AABid/AAKTmQACADlHYW1tYTpVc2VyczoAYWxtOgBEb2N1bWVudHM6AGRvY3M6AHBhcGVyczoAU1cxNF9kcHNhdC5wZGYAAA4AHgAOAFMAVwAxADQAXwBkAHAAcwBhAHQALgBwAGQAZgAPAAwABQBHAGEAbQBtAGEAEgAuVXNlcnMvYWxtL0RvY3VtZW50cy9kb2NzL3BhcGVycy9TVzE0X2Rwc2F0LnBkZgATAAEvAAAVAAIACv//AACABtIbHB0eWiRjbGFzc25hbWVYJGNsYXNzZXNdTlNNdXRhYmxlRGF0YaMdHyBWTlNEYXRhWE5TT2JqZWN00hscIiNcTlNEaWN0aW9uYXJ5oiIgXxAPTlNLZXllZEFyY2hpdmVy0SYnVHJvb3SAAQAIABEAGgAjAC0AMgA3AEAARgBNAFUAYABnAGoAbABuAHEAcwB1AHcAhACOAKkArgC2AjwCPgJDAk4CVwJlAmkCcAJ5An4CiwKOAqACowKoAAAAAAAAAgEAAAAAAAAAKAAAAAAAAAAAAAAAAAAAAqo=}}

@misc{BDP1989cwf,
	Author = {Leo Bachmair and Nachum Dershowitz and David A. Plaisted},
	Date-Added = {2015-05-10 17:50:12 +0000},
	Date-Modified = {2015-05-10 17:50:46 +0000},
	Title = {Completion Without Failure},
	Year = {1989},
	Bdsk-File-1 = {YnBsaXN0MDDUAQIDBAUGJCVYJHZlcnNpb25YJG9iamVjdHNZJGFyY2hpdmVyVCR0b3ASAAGGoKgHCBMUFRYaIVUkbnVsbNMJCgsMDxJXTlMua2V5c1pOUy5vYmplY3RzViRjbGFzc6INDoACgAOiEBGABIAFgAdccmVsYXRpdmVQYXRoWWFsaWFzRGF0YV8QGy4uL3BhcGVycy9MQi9CRFAxOTg5Y3dmLnBkZtIXCxgZV05TLmRhdGFPEQGKAAAAAAGKAAIAAAVHYW1tYQAAAAAAAAAAAAAAAAAAAAAAAAAAAADQk40jSCsAAAAuWUgOQkRQMTk4OWN3Zi5wZGYAAAAAAAAAAAAAAAAAAAAAAAAAAAAAAAAAAAAAAAAAAAAAAAAAAAAAAAAAAAAAAAAAAC5ZSdGLq8oAAAAAAAAAAAABAAMAAAkgAAAAAAAAAAAAAAAAAAAAAkxCABAACAAA0JN/EwAAABEACAAA0YuPqgAAAAEAGAAuWUgAGAlnABfz4QAGJ4AABid/AAKTmQACAD1HYW1tYTpVc2VyczoAYWxtOgBEb2N1bWVudHM6AGRvY3M6AHBhcGVyczoATEI6AEJEUDE5ODljd2YucGRmAAAOAB4ADgBCAEQAUAAxADkAOAA5AGMAdwBmAC4AcABkAGYADwAMAAUARwBhAG0AbQBhABIAMVVzZXJzL2FsbS9Eb2N1bWVudHMvZG9jcy9wYXBlcnMvTEIvQkRQMTk4OWN3Zi5wZGYAABMAAS8AABUAAgAK//8AAIAG0hscHR5aJGNsYXNzbmFtZVgkY2xhc3Nlc11OU011dGFibGVEYXRhox0fIFZOU0RhdGFYTlNPYmplY3TSGxwiI1xOU0RpY3Rpb25hcnmiIiBfEA9OU0tleWVkQXJjaGl2ZXLRJidUcm9vdIABAAgAEQAaACMALQAyADcAQABGAE0AVQBgAGcAagBsAG4AcQBzAHUAdwCEAI4ArACxALkCRwJJAk4CWQJiAnACdAJ7AoQCiQKWApkCqwKuArMAAAAAAAACAQAAAAAAAAAoAAAAAAAAAAAAAAAAAAACtQ==}}

@article{ZHM2009jar,
	Abstract = {This article presents three new approaches to prove termination of rewrite systems with the Knuth---Bendix order efficiently. The constraints for the weight function and for the precedence are encoded in (pseudo-)propositional logic or linear arithmetic and the resulting formula is tested for satisfiability using dedicated solvers. Any satisfying assignment represents a weight function and a precedence such that the induced Knuth---Bendix order orients the rules of the encoded rewrite system from left to right. This means that in contrast to the dedicated methods our approach does not directly solve the problem but transforms it to equivalent formulations for which sophisticated back-ends exist. In order to make all approaches complete we present a method to compute upper bounds on the weights. Furthermore, our encodings take dependency pairs into account to increase the applicability of the order.},
	Acmid = {1574588},
	Address = {Secaucus, NJ, USA},
	Author = {Zankl, Harald and Hirokawa, Nao and Middeldorp, Aart},
	Date-Added = {2015-05-02 14:48:24 +0000},
	Date-Modified = {2015-05-02 14:57:46 +0000},
	Doi = {10.1007/s10817-009-9131-z},
	Issn = {0168-7433},
	Issue_Date = {August 2009},
	Journal = {Journal of Automated Reasoning},
	Keywords = {Knuth---Bendix order, Term rewriting, Termination},
	Month = aug,
	Number = {2},
	Numpages = {29},
	Pages = {pp.~173--201},
	Publisher = {Springer-Verlag New York, Inc.},
	Title = {{KBO}~{O}rientability},
	Url = {http://dx.doi.org/10.1007/s10817-009-9131-z},
	Volume = {43},
	Year = {2009},
	Bdsk-File-1 = {YnBsaXN0MDDUAQIDBAUGJCVYJHZlcnNpb25YJG9iamVjdHNZJGFyY2hpdmVyVCR0b3ASAAGGoKgHCBMUFRYaIVUkbnVsbNMJCgsMDxJXTlMua2V5c1pOUy5vYmplY3RzViRjbGFzc6INDoACgAOiEBGABIAFgAdccmVsYXRpdmVQYXRoWWFsaWFzRGF0YV8QGy4uL3BhcGVycy9IWi9aSE0yMDA5amFyLnBkZtIXCxgZV05TLmRhdGFPEQGKAAAAAAGKAAIAAAVHYW1tYQAAAAAAAAAAAAAAAAAAAAAAAAAAAADQk40jSCsAAAAuWR0OWkhNMjAwOWphci5wZGYAAAAAAAAAAAAAAAAAAAAAAAAAAAAAAAAAAAAAAAAAAAAAAAAAAAAAAAAAAAAAAAAAAC5ZH9GLq8oAAAAAAAAAAAABAAMAAAkgAAAAAAAAAAAAAAAAAAAAAkhaABAACAAA0JN/EwAAABEACAAA0YuPqgAAAAEAGAAuWR0AGAlnABfz4QAGJ4AABid/AAKTmQACAD1HYW1tYTpVc2VyczoAYWxtOgBEb2N1bWVudHM6AGRvY3M6AHBhcGVyczoASFo6AFpITTIwMDlqYXIucGRmAAAOAB4ADgBaAEgATQAyADAAMAA5AGoAYQByAC4AcABkAGYADwAMAAUARwBhAG0AbQBhABIAMVVzZXJzL2FsbS9Eb2N1bWVudHMvZG9jcy9wYXBlcnMvSFovWkhNMjAwOWphci5wZGYAABMAAS8AABUAAgAK//8AAIAG0hscHR5aJGNsYXNzbmFtZVgkY2xhc3Nlc11OU011dGFibGVEYXRhox0fIFZOU0RhdGFYTlNPYmplY3TSGxwiI1xOU0RpY3Rpb25hcnmiIiBfEA9OU0tleWVkQXJjaGl2ZXLRJidUcm9vdIABAAgAEQAaACMALQAyADcAQABGAE0AVQBgAGcAagBsAG4AcQBzAHUAdwCEAI4ArACxALkCRwJJAk4CWQJiAnACdAJ7AoQCiQKWApkCqwKuArMAAAAAAAACAQAAAAAAAAAoAAAAAAAAAAAAAAAAAAACtQ==},
	Bdsk-Url-1 = {http://dx.doi.org/10.1007/s10817-009-9131-z}}

@phdthesis{SW2013PhD,
	Author = {Sara Winkler},
	Date-Added = {2015-05-01 19:21:59 +0000},
	Date-Modified = {2015-05-01 19:41:50 +0000},
	School = {University of Innsbruck},
	Title = {Termination Tools in Automated Reasoning},
	Year = {2013},
	Bdsk-File-1 = {YnBsaXN0MDDUAQIDBAUGJCVYJHZlcnNpb25YJG9iamVjdHNZJGFyY2hpdmVyVCR0b3ASAAGGoKgHCBMUFRYaIVUkbnVsbNMJCgsMDxJXTlMua2V5c1pOUy5vYmplY3RzViRjbGFzc6INDoACgAOiEBGABIAFgAdccmVsYXRpdmVQYXRoWWFsaWFzRGF0YV8QFy4uL3BhcGVycy9TVzIwMTNQaEQucGRm0hcLGBlXTlMuZGF0YU8RAX4AAAAAAX4AAgAABUdhbW1hAAAAAAAAAAAAAAAAAAAAAAAAAAAAANCTjSNIKwAAABgJZw1TVzIwMTNQaEQucGRmAAAAAAAAAAAAAAAAAAAAAAAAAAAAAAAAAAAAAAAAAAAAAAAAAAAAAAAAAAAAAAAAAAAALllL0YurygAAAAAAAAAAAAEAAgAACSAAAAAAAAAAAAAAAAAAAAAGcGFwZXJzABAACAAA0JN/EwAAABEACAAA0YuPqgAAAAEAFAAYCWcAF/PhAAYngAAGJ38AApOZAAIAOEdhbW1hOlVzZXJzOgBhbG06AERvY3VtZW50czoAZG9jczoAcGFwZXJzOgBTVzIwMTNQaEQucGRmAA4AHAANAFMAVwAyADAAMQAzAFAAaABEAC4AcABkAGYADwAMAAUARwBhAG0AbQBhABIALVVzZXJzL2FsbS9Eb2N1bWVudHMvZG9jcy9wYXBlcnMvU1cyMDEzUGhELnBkZgAAEwABLwAAFQACAAr//wAAgAbSGxwdHlokY2xhc3NuYW1lWCRjbGFzc2VzXU5TTXV0YWJsZURhdGGjHR8gVk5TRGF0YVhOU09iamVjdNIbHCIjXE5TRGljdGlvbmFyeaIiIF8QD05TS2V5ZWRBcmNoaXZlctEmJ1Ryb290gAEACAARABoAIwAtADIANwBAAEYATQBVAGAAZwBqAGwAbgBxAHMAdQB3AIQAjgCoAK0AtQI3AjkCPgJJAlICYAJkAmsCdAJ5AoYCiQKbAp4CowAAAAAAAAIBAAAAAAAAACgAAAAAAAAAAAAAAAAAAAKl}}

@booklet{AM2015tr,
	Author = {Aart Middeldorp},
	Date-Added = {2015-04-22 04:46:16 +0000},
	Date-Modified = {2015-04-22 04:51:25 +0000},
	Title = {{L}ecture {N}otes -- {T}erm {R}ewriting},
	Year = {2015},
	Bdsk-File-1 = {YnBsaXN0MDDUAQIDBAUGJCVYJHZlcnNpb25YJG9iamVjdHNZJGFyY2hpdmVyVCR0b3ASAAGGoKgHCBMUFRYaIVUkbnVsbNMJCgsMDxJXTlMua2V5c1pOUy5vYmplY3RzViRjbGFzc6INDoACgAOiEBGABIAFgAdccmVsYXRpdmVQYXRoWWFsaWFzRGF0YV8QHi4uL2xlY3R1cmUgbm90ZXMvQU0yMDE1dHJzLnBkZtIXCxgZV05TLmRhdGFPEQGUAAAAAAGUAAIAAAVHYW1tYQAAAAAAAAAAAAAAAAAAAAAAAAAAAADQk40jSCsAAAAYCSUNQU0yMDE1dHJzLnBkZgAAAAAAAAAAAAAAAAAAAAAAAAAAAAAAAAAAAAAAAAAAAAAAAAAAAAAAAAAAAAAAAAAAABjDRtEwsksAAAAAAAAAAAABAAIAAAkgAAAAAAAAAAAAAAAAAAAADWxlY3R1cmUgbm90ZXMAABAACAAA0JN/EwAAABEACAAA0TCkOwAAAAEAFAAYCSUAF/PhAAYngAAGJ38AApOZAAIAP0dhbW1hOlVzZXJzOgBhbG06AERvY3VtZW50czoAZG9jczoAbGVjdHVyZSBub3RlczoAQU0yMDE1dHJzLnBkZgAADgAcAA0AQQBNADIAMAAxADUAdAByAHMALgBwAGQAZgAPAAwABQBHAGEAbQBtAGEAEgA0VXNlcnMvYWxtL0RvY3VtZW50cy9kb2NzL2xlY3R1cmUgbm90ZXMvQU0yMDE1dHJzLnBkZgATAAEvAAAVAAIACv//AACABtIbHB0eWiRjbGFzc25hbWVYJGNsYXNzZXNdTlNNdXRhYmxlRGF0YaMdHyBWTlNEYXRhWE5TT2JqZWN00hscIiNcTlNEaWN0aW9uYXJ5oiIgXxAPTlNLZXllZEFyY2hpdmVy0SYnVHJvb3SAAQAIABEAGgAjAC0AMgA3AEAARgBNAFUAYABnAGoAbABuAHEAcwB1AHcAhACOAK8AtAC8AlQCVgJbAmYCbwJ9AoECiAKRApYCowKmArgCuwLAAAAAAAAAAgEAAAAAAAAAKAAAAAAAAAAAAAAAAAAAAsI=}}

@inproceedings{GK2004csl,
	Author = {Harald Ganzinger and Konstantin Korovin},
	Booktitle = {18th CSL 2004. Proceedings},
	Date-Added = {2015-02-22 12:40:07 +0000},
	Date-Modified = {2015-02-22 12:54:57 +0000},
	Pages = {71-84},
	Series = {LNCS},
	Title = {{I}ntegrating {E}quational {R}easoning into {I}nstantiation-{B}ased {T}heorem {P}roving},
	Volume = {3210},
	Year = {2004},
	Bdsk-File-1 = {YnBsaXN0MDDUAQIDBAUGJCVYJHZlcnNpb25YJG9iamVjdHNZJGFyY2hpdmVyVCR0b3ASAAGGoKgHCBMUFRYaIVUkbnVsbNMJCgsMDxJXTlMua2V5c1pOUy5vYmplY3RzViRjbGFzc6INDoACgAOiEBGABIAFgAdccmVsYXRpdmVQYXRoWWFsaWFzRGF0YV8QFy4uL3BhcGVycy9HSzIwMDRjc2wucGRm0hcLGBlXTlMuZGF0YU8RAX4AAAAAAX4AAgAABUdhbW1hAAAAAAAAAAAAAAAAAAAAAAAAAAAAANCTjSNIKwAAABgJZw1HSzIwMDRjc2wucGRmAAAAAAAAAAAAAAAAAAAAAAAAAAAAAAAAAAAAAAAAAAAAAAAAAAAAAAAAAAAAAAAAAAAAGAlp0TCCjwAAAAAAAAAAAAEAAgAACSAAAAAAAAAAAAAAAAAAAAAGcGFwZXJzABAACAAA0JN/EwAAABEACAAA0TB0fwAAAAEAFAAYCWcAF/PhAAYngAAGJ38AApOZAAIAOEdhbW1hOlVzZXJzOgBhbG06AERvY3VtZW50czoAZG9jczoAcGFwZXJzOgBHSzIwMDRjc2wucGRmAA4AHAANAEcASwAyADAAMAA0AGMAcwBsAC4AcABkAGYADwAMAAUARwBhAG0AbQBhABIALVVzZXJzL2FsbS9Eb2N1bWVudHMvZG9jcy9wYXBlcnMvR0syMDA0Y3NsLnBkZgAAEwABLwAAFQACAAr//wAAgAbSGxwdHlokY2xhc3NuYW1lWCRjbGFzc2VzXU5TTXV0YWJsZURhdGGjHR8gVk5TRGF0YVhOU09iamVjdNIbHCIjXE5TRGljdGlvbmFyeaIiIF8QD05TS2V5ZWRBcmNoaXZlctEmJ1Ryb290gAEACAARABoAIwAtADIANwBAAEYATQBVAGAAZwBqAGwAbgBxAHMAdQB3AIQAjgCoAK0AtQI3AjkCPgJJAlICYAJkAmsCdAJ5AoYCiQKbAp4CowAAAAAAAAIBAAAAAAAAACgAAAAAAAAAAAAAAAAAAAKl}}

@article{HM-IC07,
	Author = {N.~Hirokawa and A.~Middeldorp},
	Journal = {Information and Computation},
	Number = 4,
	Pages = {474--511},
	Title = {Tyrolean Termination Tool: Techniques and Features},
	Volume = 205,
	Year = 2007}

@inproceedings{HM-AISC04,
	Author = {N.~Hirokawa and A.~Middeldorp},
	Booktitle = {Proceedings of the 7th International Conference on Artificial Intelligence and Symbolic Mathematical Computation},
	Pages = {185--198},
	Series = lncs,
	Title = {Polynomial Interpretations with Negative Coefficients},
	Volume = 3249,
	Year = 2004}

@misc{LAT01,
	Author = {W. Schmidt and J. Knappen and H. Partl and I. Hyna},
	Note = {\texttt{ctan.org/tex-archive/info/german/LaTeX2e-Kurzbeschreibung}},
	Title = {{L}a{T}e{X}-{K}urzbeschreibung},
	Year = {2003}}

@misc{LAT02,
	Author = {T. Oetiker and H. Partl and I. Hyna and E. Schlegl},
	Note = {\texttt{ctan.org/tex-archive/info/lshort/english}},
	Title = {The not so short introduction to {L}a{T}e{X}},
	Year = {2007}}

@misc{LIS,
	Author = {C. Heinz and B. Moses},
	Note = {\texttt{ctan.org/tex-} \texttt{archive/macros/latex/contrib/listings}},
	Title = {The \texttt{Listings} package},
	Year = {2007}}

@misc{XY,
	Author = {K. Rose},
	Note = {\texttt{ctan.org/tex-archive/macros/} \texttt{generic/diagrams/xypic/xy/doc/xyguide.pdf}},
	Title = {The \texttt{XY}-pic User's Guide},
	Year = {1999}}

@conference{BT2005,
	Abstract = {In many theorem proving applications, a proper treatment of
  equational theories or equality is mandatory.  In this paper we show
  how to integrate a modern treatment of equality in the Model
  Evolution calculus (ME), a first-order version of the propositional
  DPLL procedure.  The new calculus, MEE, is a proper extension of
  the ME calculus without equality. Like ME it maintains an explicit
  ``candidate model'', which is searched for by DPLL-style splitting.
  For equational reasoning MEE uses an adapted version of the ordered
  paramodulation inference rule, where equations used for
  paramodulation are drawn (only) from the candidate model. The
  calculus also features a generic, semantically justified
  simplification rule which covers many simplification techniques
  known from superposition-style theorem proving.  
  Our main result is the correctness of the MEE calculus in the
  presence of very general redundancy elimination criteria.},
	Author = {Peter Baumgartner and Cesare Tinelli},
	Booktitle = {CADE-20},
	Date-Added = {2014-06-28 08:53:09 +0000},
	Date-Modified = {2014-06-28 09:02:30 +0000},
	Pages = {392-408},
	Title = {{T}he {M}odel {E}volution {C}alculus with {E}quality},
	Url = {http://www.mpi-sb.mpg.de/~baumgart/publications/BaumgartnerTinelli-CADE-20.pdf},
	Year = {2005},
	Bdsk-Url-1 = {http://www.mpi-sb.mpg.de/~baumgart/publications/BaumgartnerTinelli-CADE-20.pdf}}

@inproceedings{Baumgartner:Tinelli:ModelEvolutionCalculusEquality:CADE:2005,
	Abstract = {In many theorem proving applications, a proper treatment of
  equational theories or equality is mandatory.  In this paper we show
  how to integrate a modern treatment of equality in the Model
  Evolution calculus (ME), a first-order version of the propositional
  DPLL procedure.  The new calculus, MEE, is a proper extension of
  the ME calculus without equality. Like ME it maintains an explicit
  ``candidate model'', which is searched for by DPLL-style splitting.
  For equational reasoning MEE uses an adapted version of the ordered
  paramodulation inference rule, where equations used for
  paramodulation are drawn (only) from the candidate model. The
  calculus also features a generic, semantically justified
  simplification rule which covers many simplification techniques
  known from superposition-style theorem proving.  
  Our main result is the correctness of the MEE calculus in the
  presence of very general redundancy elimination criteria.},
	Author = {Peter Baumgartner and Cesare Tinelli},
	Crossref = {CADE:05},
	Date-Added = {2014-06-28 08:53:05 +0000},
	Date-Modified = {2014-06-28 08:53:05 +0000},
	Pages = {392-408},
	Title = {The Model Evolution Calculus with Equality},
	Url = {http://www.mpi-sb.mpg.de/~baumgart/publications/BaumgartnerTinelli-CADE-20.pdf},
	Bdsk-Url-1 = {http://www.mpi-sb.mpg.de/~baumgart/publications/BaumgartnerTinelli-CADE-20.pdf}}

@mastersthesis{Fuchs:Darwin:Thesis:2004,
	Abstract = {The scope of this thesis is the theorem prover Darwin,
                 the first implementation of the Model Evolution calculus,
                 a lifting of the DPLL procedure to first-order logic
                 developed by Baumgartner and Tinelli.
                 Darwin provides an initial evaluation of the calculus' potential
                 and a clean basis for further improvement.

                 After the calculus is sketched
                 the proof procedure and the chosen data structures and algorithms are presented,
                 and it is proven that these constitute
                 a proper instantiation of the calculus preserving soundness and completeness.
                 Darwin is evaluated against the TPTP Problem Library
                 and the CASC competition,
                 thereby demonstrating that for the Bernays-Sch\"{o}nfinkel class
                 Darwin's performance is on par with that of the best provers.
                 Finally, promising ideas on how to improve on the current implementation are pointed out.},
	Author = {Alexander Fuchs},
	Date-Added = {2014-06-28 08:52:30 +0000},
	Date-Modified = {2014-06-28 08:52:30 +0000},
	School = {University of Koblenz-Landau},
	Title = {{D}arwin: {A} {T}heorem {P}rover for the {M}odel {E}volution {C}alculus},
	Year = 2004}

@inproceedings{Baumgartner:Tinelli:ModelEvolutionCalculus:CADE:2003,
	Abstract = {The DPLL procedure, due to Davis, Putnam, Logemann, and
		  Loveland, is the basis of some of the most successful
		  propositional satisfiability solvers to date. Although
		  originally devised as a proof-procedure for first-order
		  logic, it has been used almost exclusively for
		  propositional logic so far because of its highly
		  inefficient treatment of quantifiers, based on
		  instantiation into ground formulas. \par The recent FDPLL
		  calculus by Baumgartner was the first successful attempt to
		  lift the procedure to the first-order level without
		  recurring to ground instantiations. FDPLL lifts to the
		  first-order case the core of the DPLL procedure, the
		  splitting rule, but ignores other aspects of the procedure
		  that, although not necessary for completeness, are crucial
		  for its effectiveness in practice. \par In this paper, we
		  present a new calculus loosely based on FDPLL that lifts
		  these aspects as well. In addition to being a more faithful
		  litfing of the DPLL procedure, the new calculus contains a
		  more systematic treatment of {\em universal literals\/},
		  one of FDPLL's optimizations, and so has the potential of
		  leading to much faster implementations.},
	Author = {Peter Baumgartner and Cesare Tinelli},
	Booktitle = {CADE-19 -- The 19th International Conference on Automated Deduction},
	Date-Added = {2014-06-28 08:35:26 +0000},
	Date-Modified = {2014-06-28 08:35:26 +0000},
	Editor = {Franz Baader},
	Pages = {350-364},
	Publisher = {Springer},
	Series = {Lecture Notes in Artificial Intelligence},
	Title = {{T}he {M}odel {E}volution {C}alculus},
	Url = {http://www.mpi-sb.mpg.de/~baumgart/DARWIN/me-CADE-19.pdf},
	Volume = {2741},
	Year = {2003},
	Bdsk-Url-1 = {http://www.mpi-sb.mpg.de/~baumgart/DARWIN/me-CADE-19.pdf}}

@inproceedings{BT2003,
	Abstract = {The DPLL procedure, due to Davis, Putnam, Logemann, and
		  Loveland, is the basis of some of the most successful
		  propositional satisfiability solvers to date. Although
		  originally devised as a proof-procedure for first-order
		  logic, it has been used almost exclusively for
		  propositional logic so far because of its highly
		  inefficient treatment of quantifiers, based on
		  instantiation into ground formulas. \par The recent FDPLL
		  calculus by Baumgartner was the first successful attempt to
		  lift the procedure to the first-order level without
		  recurring to ground instantiations. FDPLL lifts to the
		  first-order case the core of the DPLL procedure, the
		  splitting rule, but ignores other aspects of the procedure
		  that, although not necessary for completeness, are crucial
		  for its effectiveness in practice. \par In this paper, we
		  present a new calculus loosely based on FDPLL that lifts
		  these aspects as well. In addition to being a more faithful
		  litfing of the DPLL procedure, the new calculus contains a
		  more systematic treatment of {\em universal literals\/},
		  one of FDPLL's optimizations, and so has the potential of
		  leading to much faster implementations.},
	Author = {Peter Baumgartner and Cesare Tinelli},
	Booktitle = {CADE-19. Proceedings},
	Date-Added = {2014-06-28 08:35:11 +0000},
	Date-Modified = {2014-06-28 08:44:48 +0000},
	Pages = {350-364},
	Series = {LNAI},
	Title = {{T}he {M}odel {E}volution {C}alculus},
	Url = {http://www.mpi-sb.mpg.de/~baumgart/DARWIN/me-CADE-19.pdf},
	Volume = {2741},
	Year = {2003},
	Bdsk-Url-1 = {http://www.mpi-sb.mpg.de/~baumgart/DARWIN/me-CADE-19.pdf}}

@inproceedings{KK2008SD,
	Author = {Konstantin Korovin},
	Booktitle = {IJCAR 2008. Proceedings},
	Date-Added = {2014-06-27 17:05:20 +0000},
	Date-Modified = {2015-05-01 19:51:41 +0000},
	Pages = {292-298},
	Title = {{iProver -- An Instantiation-Based Theorem Prover for First-Order Logic (System Description)}},
	Year = {2008},
	Bdsk-File-1 = {YnBsaXN0MDDUAQIDBAUGJCVYJHZlcnNpb25YJG9iamVjdHNZJGFyY2hpdmVyVCR0b3ASAAGGoKgHCBMUFRYaIVUkbnVsbNMJCgsMDxJXTlMua2V5c1pOUy5vYmplY3RzViRjbGFzc6INDoACgAOiEBGABIAFgAdccmVsYXRpdmVQYXRoWWFsaWFzRGF0YV8QIS4uL3BhcGVyc19hci9pcHJvdmVyX2Rlc2NyXzA4LnBkZtIXCxgZV05TLmRhdGFPEQGkAAAAAAGkAAIAAAVHYW1tYQAAAAAAAAAAAAAAAAAAAAAAAAAAAADQk40jSCsAAAAuWUwUaXByb3Zlcl9kZXNjcl8wOC5wZGYAAAAAAAAAAAAAAAAAAAAAAAAAAAAAAAAAAAAAAAAAAAAAAAAAAAAAAAAAAC5ZUdGLq8oAAAAAAAAAAAABAAIAAAkgAAAAAAAAAAAAAAAAAAAACXBhcGVyc19hcgAAEAAIAADQk38TAAAAEQAIAADRi4+qAAAAAQAUAC5ZTAAX8+EABieAAAYnfwACk5kAAgBCR2FtbWE6VXNlcnM6AGFsbToARG9jdW1lbnRzOgBkb2NzOgBwYXBlcnNfYXI6AGlwcm92ZXJfZGVzY3JfMDgucGRmAA4AKgAUAGkAcAByAG8AdgBlAHIAXwBkAGUAcwBjAHIAXwAwADgALgBwAGQAZgAPAAwABQBHAGEAbQBtAGEAEgA3VXNlcnMvYWxtL0RvY3VtZW50cy9kb2NzL3BhcGVyc19hci9pcHJvdmVyX2Rlc2NyXzA4LnBkZgAAEwABLwAAFQACAAr//wAAgAbSGxwdHlokY2xhc3NuYW1lWCRjbGFzc2VzXU5TTXV0YWJsZURhdGGjHR8gVk5TRGF0YVhOU09iamVjdNIbHCIjXE5TRGljdGlvbmFyeaIiIF8QD05TS2V5ZWRBcmNoaXZlctEmJ1Ryb290gAEACAARABoAIwAtADIANwBAAEYATQBVAGAAZwBqAGwAbgBxAHMAdQB3AIQAjgCyALcAvwJnAmkCbgJ5AoICkAKUApsCpAKpArYCuQLLAs4C0wAAAAAAAAIBAAAAAAAAACgAAAAAAAAAAAAAAAAAAALV}}

@inproceedings{KK2008,
	Author = {Konstantin Korovin},
	Booktitle = {IJCAR 2008. Proceedings},
	Date-Added = {2014-06-27 17:05:20 +0000},
	Date-Modified = {2015-05-01 19:51:41 +0000},
	Pages = {292-298},
	Title = {{I}nst-{Gen} -- A {M}odular {A}pproch},
	Bdsk-File-1 = {YnBsaXN0MDDUAQIDBAUGJCVYJHZlcnNpb25YJG9iamVjdHNZJGFyY2hpdmVyVCR0b3ASAAGGoKgHCBMUFRYaIVUkbnVsbNMJCgsMDxJXTlMua2V5c1pOUy5vYmplY3RzViRjbGFzc6INDoACgAOiEBGABIAFgAdccmVsYXRpdmVQYXRoWWFsaWFzRGF0YV8QIS4uL3BhcGVyc19hci9pbnN0X2dlbl9tb2R1bGFyLnBkZtIXCxgZV05TLmRhdGFPEQGkAAAAAAGkAAIAAAVHYW1tYQAAAAAAAAAAAAAAAAAAAAAAAAAAAADQk40jSCsAAAAuWUwUaW5zdF9nZW5fbW9kdWxhci5wZGYAAAAAAAAAAAAAAAAAAAAAAAAAAAAAAAAAAAAAAAAAAAAAAAAAAAAAAAAAAC5ZT9GLq8oAAAAAAAAAAAABAAIAAAkgAAAAAAAAAAAAAAAAAAAACXBhcGVyc19hcgAAEAAIAADQk38TAAAAEQAIAADRi4+qAAAAAQAUAC5ZTAAX8+EABieAAAYnfwACk5kAAgBCR2FtbWE6VXNlcnM6AGFsbToARG9jdW1lbnRzOgBkb2NzOgBwYXBlcnNfYXI6AGluc3RfZ2VuX21vZHVsYXIucGRmAA4AKgAUAGkAbgBzAHQAXwBnAGUAbgBfAG0AbwBkAHUAbABhAHIALgBwAGQAZgAPAAwABQBHAGEAbQBtAGEAEgA3VXNlcnMvYWxtL0RvY3VtZW50cy9kb2NzL3BhcGVyc19hci9pbnN0X2dlbl9tb2R1bGFyLnBkZgAAEwABLwAAFQACAAr//wAAgAbSGxwdHlokY2xhc3NuYW1lWCRjbGFzc2VzXU5TTXV0YWJsZURhdGGjHR8gVk5TRGF0YVhOU09iamVjdNIbHCIjXE5TRGljdGlvbmFyeaIiIF8QD05TS2V5ZWRBcmNoaXZlctEmJ1Ryb290gAEACAARABoAIwAtADIANwBAAEYATQBVAGAAZwBqAGwAbgBxAHMAdQB3AIQAjgCyALcAvwJnAmkCbgJ5AoICkAKUApsCpAKpArYCuQLLAs4C0wAAAAAAAAIBAAAAAAAAACgAAAAAAAAAAAAAAAAAAALV}}

@article{BG1998,
	Author = {Leo Bachmair and Harald Ganzinger},
	Date-Modified = {2014-06-28 06:13:58 +0000},
	Pages = {353-397},
	Title = {Equational Reasoning In Saturation-Based Theorem Proving},
	Year = {1998},
	Bdsk-File-1 = {YnBsaXN0MDDUAQIDBAUGJCVYJHZlcnNpb25YJG9iamVjdHNZJGFyY2hpdmVyVCR0b3ASAAGGoKgHCBMUFRYaIVUkbnVsbNMJCgsMDxJXTlMua2V5c1pOUy5vYmplY3RzViRjbGFzc6INDoACgAOiEBGABIAFgAdccmVsYXRpdmVQYXRoWWFsaWFzRGF0YV8QTy4uLy4uLy4uLy4uLy4uL09uZURyaXZlL0FyY2hpdmVfTVNjL1ByZS9XTSAxIExpdGVyYXR1ci9FcXVhdGlvbmFsIFJlYXNvbmluZy5wZGbSFwsYGVdOUy5kYXRhTxEB5AAAAAAB5AACAAAFPz8/IzIAAAAAAAAAAAAAAAAAAAAAAAAAAAAA0FwmuEgrAAAAJAE4GEVxdWF0aW9uYWwgUmVhc29uaW5nLnBkZgAAAAAAAAAAAAAAAAAAAAAAAAAAAAAAAAAAAAAAAAAAAAAAAAAAAAAkBPzOAJSTAAAAAAAAAAAABQAFAAAJIAAAAAAAAAAAAAAAAAAAAA5XTSAxIExpdGVyYXR1cgAQAAgAANBcCpgAAAARAAgAAM4AeHMAAAABABgAJAE4ACQBNgAj43gAI9yDAAT+0QACEnUAAgBWPz8/IzI6VXNlcnM6AGFsbToAT25lRHJpdmU6AEFyY2hpdmVfTVNjOgBQcmU6AFdNIDEgTGl0ZXJhdHVyOgBFcXVhdGlvbmFsIFJlYXNvbmluZy5wZGYADgAyABgARQBxAHUAYQB0AGkAbwBuAGEAbAAgAFIAZQBhAHMAbwBuAGkAbgBnAC4AcABkAGYADwAWAAoDmAO1A7wDuQMBA8MDugPFA8EDsQASAEpVc2Vycy9hbG0vT25lRHJpdmUvQXJjaGl2ZV9NU2MvUHJlL1dNIDEgTGl0ZXJhdHVyL0VxdWF0aW9uYWwgUmVhc29uaW5nLnBkZgATAAEvAAAVAAIACv//AACABtIbHB0eWiRjbGFzc25hbWVYJGNsYXNzZXNdTlNNdXRhYmxlRGF0YaMdHyBWTlNEYXRhWE5TT2JqZWN00hscIiNcTlNEaWN0aW9uYXJ5oiIgXxAPTlNLZXllZEFyY2hpdmVy0SYnVHJvb3SAAQAIABEAGgAjAC0AMgA3AEAARgBNAFUAYABnAGoAbABuAHEAcwB1AHcAhACOAOAA5QDtAtUC1wLcAucC8AL+AwIDCQMSAxcDJAMnAzkDPANBAAAAAAAAAgEAAAAAAAAAKAAAAAAAAAAAAAAAAAAAA0M=}}

@inproceedings{DBLP:conf/cade/BachmairG98,
	Author = {Leo Bachmair and Harald Ganzinger},
	Bibsource = {DBLP, http://dblp.uni-trier.de},
	Booktitle = {CADE},
	Crossref = {DBLP:conf/cade/1998},
	Ee = {http://link.springer.de/link/service/series/0558/bibs/1421/14210160.htm},
	Pages = {160-174},
	Title = {Strict Basic Superposition},
	Year = {1998}}

@proceedings{DBLP:conf/cade/1998,
	Bibsource = {DBLP, http://dblp.uni-trier.de},
	Booktitle = {CADE},
	Editor = {Claude Kirchner and H{\'e}l{\`e}ne Kirchner},
	Isbn = {3-540-64675-2},
	Publisher = {Springer},
	Series = {Lecture Notes in Computer Science},
	Title = {Automated Deduction - CADE-15, 15th International Conference on Automated Deduction, Lindau, Germany, July 5-10, 1998, Proceedings},
	Volume = {1421},
	Year = {1998}}

@webpage{webDarwin,
	Date-Added = {2014-06-14 05:44:16 +0000},
	Date-Modified = {2014-06-14 05:45:07 +0000},
	Howpublished = {\href{http://combination.cs.uiowa.edu/Darwin/}{combination.cs.uiowa.edu/Darwin/}},
	Keywords = {TPTP},
	Lastchecked = {2014-05-31},
	Title = {Darwin - A theorem Prover for the Model Evolution Calculus},
	Url = {http://www.cs.miami.edu/~tptp/},
	Bdsk-Url-1 = {http://www.cs.man.ac.uk/~sticksec/iprover-eq/}}

@webpage{webCASC,
	Date-Added = {2014-06-14 05:05:20 +0000},
	Date-Modified = {2014-06-14 05:08:40 +0000},
	Howpublished = {\href{http://www.cs.miami.edu/~tptp/CASC}{www.cs.miami.edu/\~{}tptp/CASC}},
	Keywords = {TPTP},
	Lastchecked = {2014-05-31},
	Title = {The {CADE} ATP System Competition},
	Url = {http://www.cs.miami.edu/~tptp/CASC/},
	Bdsk-Url-1 = {http://www.cs.man.ac.uk/~sticksec/iprover-eq/}}

@webpage{webTPTPSyntax,
	Date-Added = {2014-06-14 04:00:44 +0000},
	Date-Modified = {2014-06-14 05:08:47 +0000},
	Howpublished = {\href{http://www.cs.miami.edu/~tptp/TPTP/SyntaxBNF.html}{www.cs.miami.edu/\~{}tptp/TPTP/SyntaxBNF.html}},
	Keywords = {TPTP,Syntax},
	Lastchecked = {2014-05-31},
	Title = {{TPTP} Syntax},
	Url = {http://www.cs.miami.edu/~tptp/TPTP/SyntaxBNF.html},
	Bdsk-Url-1 = {http://www.cs.man.ac.uk/~sticksec/iprover-eq/}}

@webpage{webTPTP,
	Date-Added = {2014-06-13 17:12:59 +0000},
	Date-Modified = {2014-06-14 05:08:52 +0000},
	Howpublished = {\href{http://www.cs.miami.edu/~tptp/}{www.cs.miami.edu/\~{}tptp}},
	Keywords = {TPTP},
	Lastchecked = {2014-05-31},
	Title = {{TPTP} library of thousands of proplems for theorem provers},
	Url = {http://www.cs.miami.edu/~tptp/},
	Bdsk-Url-1 = {http://www.cs.man.ac.uk/~sticksec/iprover-eq/}}

@misc{webVampire,
	Author = {Andrei Voronokov},
	Date-Added = {2014-06-13 14:14:17 +0000},
	Date-Modified = {2014-06-13 14:14:17 +0000},
	Howpublished = {\href{http://vprover.org}{vprover.org}},
	Lastchecked = {2014-05-31},
	Month = {June},
	Title = {Vampire's Home Page},
	Url = {http://vprover.org},
	Year = {2014},
	Bdsk-Url-1 = {http://www.cs.man.ac.uk/~korovink/iprover/}}

@misc{webKKIP,
	Author = {Konstantin Korovin},
	Date-Added = {2014-06-13 14:11:29 +0000},
	Date-Modified = {2014-06-13 19:00:44 +0000},
	Howpublished = {\href{http://www.cs.man.ac.uk/~korovink/iprover/}{www.cs.man.ac.uk/\~{}korovink/iprover/}},
	Lastchecked = {2014-05-31},
	Month = {June},
	Title = {{iProver}},
	Url = {http://www.cs.man.ac.uk/~korovink/iprover/},
	Year = {2014},
	Bdsk-Url-1 = {http://www.cs.man.ac.uk/~korovink/iprover/}}

@book{AL1997,
	Author = {Alexander Leitsch},
	Bibsource = {DBLP, http://dblp.uni-trier.de},
	Date-Added = {2014-06-12 11:15:22 +0000},
	Date-Modified = {2014-06-28 09:22:18 +0000},
	Isbn = {978-3-540-61882-9},
	Pages = {I-VIII, 1-300},
	Publisher = {Springer},
	Series = {Texts in theoretical computer science},
	Title = {The Resolution Calculus},
	Year = {1997},
	Bdsk-File-1 = {YnBsaXN0MDDUAQIDBAUGJCVYJHZlcnNpb25YJG9iamVjdHNZJGFyY2hpdmVyVCR0b3ASAAGGoKgHCBMUFRYaIVUkbnVsbNMJCgsMDxJXTlMua2V5c1pOUy5vYmplY3RzViRjbGFzc6INDoACgAOiEBGABIAFgAdccmVsYXRpdmVQYXRoWWFsaWFzRGF0YV8QUi4uLy4uLy4uLy4uLy4uL09uZURyaXZlL0FyY2hpdmVfTVNjL1ByZS9XTSAxIExpdGVyYXR1ci9UaGUgUmVzb2x1dGlvbiBDYWxjdWx1cy5wZGbSFwsYGVdOUy5kYXRhTxEB8gAAAAAB8gACAAAFPz8/IzIAAAAAAAAAAAAAAAAAAAAAAAAAAAAA0FwmuEgrAAAAJAE4G1RoZSBSZXNvbHV0aW9uIENhbGN1bHVzLnBkZgAAAAAAAAAAAAAAAAAAAAAAAAAAAAAAAAAAAAAAAAAAAAAAAAAkBQLOAJRJAAAAAAAAAAAABQAFAAAJIAAAAAAAAAAAAAAAAAAAAA5XTSAxIExpdGVyYXR1cgAQAAgAANBcCpgAAAARAAgAAM4AeCkAAAABABgAJAE4ACQBNgAj43gAI9yDAAT+0QACEnUAAgBZPz8/IzI6VXNlcnM6AGFsbToAT25lRHJpdmU6AEFyY2hpdmVfTVNjOgBQcmU6AFdNIDEgTGl0ZXJhdHVyOgBUaGUgUmVzb2x1dGlvbiBDYWxjdWx1cy5wZGYAAA4AOAAbAFQAaABlACAAUgBlAHMAbwBsAHUAdABpAG8AbgAgAEMAYQBsAGMAdQBsAHUAcwAuAHAAZABmAA8AFgAKA5gDtQO8A7kDAQPDA7oDxQPBA7EAEgBNVXNlcnMvYWxtL09uZURyaXZlL0FyY2hpdmVfTVNjL1ByZS9XTSAxIExpdGVyYXR1ci9UaGUgUmVzb2x1dGlvbiBDYWxjdWx1cy5wZGYAABMAAS8AABUAAgAK//8AAIAG0hscHR5aJGNsYXNzbmFtZVgkY2xhc3Nlc11OU011dGFibGVEYXRhox0fIFZOU0RhdGFYTlNPYmplY3TSGxwiI1xOU0RpY3Rpb25hcnmiIiBfEA9OU0tleWVkQXJjaGl2ZXLRJidUcm9vdIABAAgAEQAaACMALQAyADcAQABGAE0AVQBgAGcAagBsAG4AcQBzAHUAdwCEAI4A4wDoAPAC5gLoAu0C+AMBAw8DEwMaAyMDKAM1AzgDSgNNA1IAAAAAAAACAQAAAAAAAAAoAAAAAAAAAAAAAAAAAAADVA==}}

@booklet{GM2013ar,
	Author = {Georg Moser},
	Date-Added = {2014-06-12 10:47:45 +0000},
	Date-Modified = {2015-06-25 19:42:34 +0000},
	Title = {{L}ecture {N}otes -- {M}odule {A}utomated {R}easoning},
	Year = {2014},
	Bdsk-File-1 = {YnBsaXN0MDDUAQIDBAUGJCVYJHZlcnNpb25YJG9iamVjdHNZJGFyY2hpdmVyVCR0b3ASAAGGoKgHCBMUFRYaIVUkbnVsbNMJCgsMDxJXTlMua2V5c1pOUy5vYmplY3RzViRjbGFzc6INDoACgAOiEBGABIAFgAdccmVsYXRpdmVQYXRoWWFsaWFzRGF0YV8QHS4uL2xlY3R1cmUgbm90ZXMvR00yMDEzYXIucGRm0hcLGBlXTlMuZGF0YU8RAZAAAAAAAZAAAgAABUdhbW1hAAAAAAAAAAAAAAAAAAAAAAAAAAAAANCTjSNIKwAAABgJJQxHTTIwMTNhci5wZGYAAAAAAAAAAAAAAAAAAAAAAAAAAAAAAAAAAAAAAAAAAAAAAAAAAAAAAAAAAAAAAAAAAAAAGAk00TCCjwAAAAAAAAAAAAEAAgAACSAAAAAAAAAAAAAAAAAAAAANbGVjdHVyZSBub3RlcwAAEAAIAADQk38TAAAAEQAIAADRMHR/AAAAAQAUABgJJQAX8+EABieAAAYnfwACk5kAAgA+R2FtbWE6VXNlcnM6AGFsbToARG9jdW1lbnRzOgBkb2NzOgBsZWN0dXJlIG5vdGVzOgBHTTIwMTNhci5wZGYADgAaAAwARwBNADIAMAAxADMAYQByAC4AcABkAGYADwAMAAUARwBhAG0AbQBhABIAM1VzZXJzL2FsbS9Eb2N1bWVudHMvZG9jcy9sZWN0dXJlIG5vdGVzL0dNMjAxM2FyLnBkZgAAEwABLwAAFQACAAr//wAAgAbSGxwdHlokY2xhc3NuYW1lWCRjbGFzc2VzXU5TTXV0YWJsZURhdGGjHR8gVk5TRGF0YVhOU09iamVjdNIbHCIjXE5TRGljdGlvbmFyeaIiIF8QD05TS2V5ZWRBcmNoaXZlctEmJ1Ryb290gAEACAARABoAIwAtADIANwBAAEYATQBVAGAAZwBqAGwAbgBxAHMAdQB3AIQAjgCuALMAuwJPAlECVgJhAmoCeAJ8AoMCjAKRAp4CoQKzArYCuwAAAAAAAAIBAAAAAAAAACgAAAAAAAAAAAAAAAAAAAK9}}

@article{BG1991,
	Author = {Leo Bachmair and Harald Ganzinger},
	Date-Added = {2014-05-31 19:03:54 +0000},
	Date-Modified = {2015-05-11 05:40:46 +0000},
	Journal = {Journal of Logic and Computation},
	Pages = {217-247},
	Title = {{R}ewrite-{B}ased {E}quational {T}heorem {P}roving with {S}election and {S}implification},
	Year = {1991},
	Bdsk-File-1 = {YnBsaXN0MDDUAQIDBAUGJCVYJHZlcnNpb25YJG9iamVjdHNZJGFyY2hpdmVyVCR0b3ASAAGGoKgHCBMUFRYaIVUkbnVsbNMJCgsMDxJXTlMua2V5c1pOUy5vYmplY3RzViRjbGFzc6INDoACgAOiEBGABIAFgAdccmVsYXRpdmVQYXRoWWFsaWFzRGF0YV8QHS4uL3BhcGVycy9MQi9NUEktSS05MS0yMDgucGRm0hcLGBlXTlMuZGF0YU8RAZIAAAAAAZIAAgAABUdhbW1hAAAAAAAAAAAAAAAAAAAAAAAAAAAAANCTjSNIKwAAAC5ZSBBNUEktSS05MS0yMDgucGRmAAAAAAAAAAAAAAAAAAAAAAAAAAAAAAAAAAAAAAAAAAAAAAAAAAAAAAAAAAAAAAAALllK0YurygAAAAAAAAAAAAEAAwAACSAAAAAAAAAAAAAAAAAAAAACTEIAEAAIAADQk38TAAAAEQAIAADRi4+qAAAAAQAYAC5ZSAAYCWcAF/PhAAYngAAGJ38AApOZAAIAP0dhbW1hOlVzZXJzOgBhbG06AERvY3VtZW50czoAZG9jczoAcGFwZXJzOgBMQjoATVBJLUktOTEtMjA4LnBkZgAADgAiABAATQBQAEkALQBJAC0AOQAxAC0AMgAwADgALgBwAGQAZgAPAAwABQBHAGEAbQBtAGEAEgAzVXNlcnMvYWxtL0RvY3VtZW50cy9kb2NzL3BhcGVycy9MQi9NUEktSS05MS0yMDgucGRmAAATAAEvAAAVAAIACv//AACABtIbHB0eWiRjbGFzc25hbWVYJGNsYXNzZXNdTlNNdXRhYmxlRGF0YaMdHyBWTlNEYXRhWE5TT2JqZWN00hscIiNcTlNEaWN0aW9uYXJ5oiIgXxAPTlNLZXllZEFyY2hpdmVy0SYnVHJvb3SAAQAIABEAGgAjAC0AMgA3AEAARgBNAFUAYABnAGoAbABuAHEAcwB1AHcAhACOAK4AswC7AlECUwJYAmMCbAJ6An4ChQKOApMCoAKjArUCuAK9AAAAAAAAAgEAAAAAAAAAKAAAAAAAAAAAAAAAAAAAAr8=}}

@webpage{webCVC4,
	Date-Added = {2014-05-31 17:22:07 +0000},
	Date-Modified = {2014-06-13 19:01:37 +0000},
	Howpublished = {\href{http://cvc4.cs.nyu.edu/web/}{cvc4.cs.nyu.edu/web/}},
	Keywords = {CVC4},
	Lastchecked = {2014-05-31},
	Month = {June},
	Title = {{CVC4}: the smt solver},
	Url = {http://cvc4.cs.nyu.edu/web/},
	Year = {2014},
	Bdsk-Url-1 = {http://www.cs.man.ac.uk/~korovink/iprover/}}

@misc{webCSIPE,
	Author = {Christoph Sticksel},
	Date-Added = {2014-05-31 17:22:07 +0000},
	Date-Modified = {2014-06-13 19:00:53 +0000},
	Howpublished = {\href{http://www.cs.man.ac.uk/~sticksec/iprover-eq/}{www.cs.man.ac.uk/\~{}sticksec/iprover-eq}},
	Lastchecked = {2014-05-31},
	Title = {{iProver-Eq}},
	Url = {http://www.cs.man.ac.uk/~sticksec/iprover-eq/},
	Year = {2014},
	Bdsk-Url-1 = {http://www.cs.man.ac.uk/~sticksec/iprover-eq/}}

@inproceedings{KH2011rta,
	Author = {Dominik Klein and Nao Hirokawa},
	Booktitle = {22nd RTA 2011. Proceedings},
	Date-Added = {2014-05-28 16:03:13 +0000},
	Date-Modified = {2015-05-19 04:16:50 +0000},
	Pages = {71-80},
	Title = {{M}aximal {C}ompletion},
	Year = {2011},
	Bdsk-File-1 = {YnBsaXN0MDDUAQIDBAUGJCVYJHZlcnNpb25YJG9iamVjdHNZJGFyY2hpdmVyVCR0b3ASAAGGoKgHCBMUFRYaIVUkbnVsbNMJCgsMDxJXTlMua2V5c1pOUy5vYmplY3RzViRjbGFzc6INDoACgAOiEBGABIAFgAdccmVsYXRpdmVQYXRoWWFsaWFzRGF0YV8QFy4uL3BhcGVycy9LSDIwMTFydGEucGRm0hcLGBlXTlMuZGF0YU8RAX4AAAAAAX4AAgAABUdhbW1hAAAAAAAAAAAAAAAAAAAAAAAAAAAAANCTjSNIKwAAABgJZw1LSDIwMTFydGEucGRmAAAAAAAAAAAAAAAAAAAAAAAAAAAAAAAAAAAAAAAAAAAAAAAAAAAAAAAAAAAAAAAAAAAAGAlq0TCCjwAAAAAAAAAAAAEAAgAACSAAAAAAAAAAAAAAAAAAAAAGcGFwZXJzABAACAAA0JN/EwAAABEACAAA0TB0fwAAAAEAFAAYCWcAF/PhAAYngAAGJ38AApOZAAIAOEdhbW1hOlVzZXJzOgBhbG06AERvY3VtZW50czoAZG9jczoAcGFwZXJzOgBLSDIwMTFydGEucGRmAA4AHAANAEsASAAyADAAMQAxAHIAdABhAC4AcABkAGYADwAMAAUARwBhAG0AbQBhABIALVVzZXJzL2FsbS9Eb2N1bWVudHMvZG9jcy9wYXBlcnMvS0gyMDExcnRhLnBkZgAAEwABLwAAFQACAAr//wAAgAbSGxwdHlokY2xhc3NuYW1lWCRjbGFzc2VzXU5TTXV0YWJsZURhdGGjHR8gVk5TRGF0YVhOU09iamVjdNIbHCIjXE5TRGljdGlvbmFyeaIiIF8QD05TS2V5ZWRBcmNoaXZlctEmJ1Ryb290gAEACAARABoAIwAtADIANwBAAEYATQBVAGAAZwBqAGwAbgBxAHMAdQB3AIQAjgCoAK0AtQI3AjkCPgJJAlICYAJkAmsCdAJ5AoYCiQKbAp4CowAAAAAAAAIBAAAAAAAAACgAAAAAAAAAAAAAAAAAAAKl}}

@inproceedings{KS2010ijcar,
	Author = {Konstantin Korovin and Christoph Sticksel},
	Booktitle = {IJCAR 2010. Proceedings},
	Date-Added = {2014-05-28 16:01:41 +0000},
	Date-Modified = {2015-03-02 12:41:49 +0000},
	Pages = {196-202},
	Rating = {0},
	Series = {LNAI},
	Title = {{iProver-Eq: An Instantiation-Based Theorem Prover with Equality}},
	Volume = {6173},
	Year = {2010},
	Bdsk-File-1 = {YnBsaXN0MDDUAQIDBAUGJCVYJHZlcnNpb25YJG9iamVjdHNZJGFyY2hpdmVyVCR0b3ASAAGGoKgHCBMUFRYaIVUkbnVsbNMJCgsMDxJXTlMua2V5c1pOUy5vYmplY3RzViRjbGFzc6INDoACgAOiEBGABIAFgAdccmVsYXRpdmVQYXRoWWFsaWFzRGF0YV8QGS4uL3BhcGVycy9LUzIwMTBpamNhci5wZGbSFwsYGVdOUy5kYXRhTxEBhgAAAAABhgACAAAFR2FtbWEAAAAAAAAAAAAAAAAAAAAAAAAAAAAA0JONI0grAAAAGAlnD0tTMjAxMGlqY2FyLnBkZgAAAAAAAAAAAAAAAAAAAAAAAAAAAAAAAAAAAAAAAAAAAAAAAAAAAAAAAAAAAAAAAAAYCWvRMIKPAAAAAAAAAAAAAQACAAAJIAAAAAAAAAAAAAAAAAAAAAZwYXBlcnMAEAAIAADQk38TAAAAEQAIAADRMHR/AAAAAQAUABgJZwAX8+EABieAAAYnfwACk5kAAgA6R2FtbWE6VXNlcnM6AGFsbToARG9jdW1lbnRzOgBkb2NzOgBwYXBlcnM6AEtTMjAxMGlqY2FyLnBkZgAOACAADwBLAFMAMgAwADEAMABpAGoAYwBhAHIALgBwAGQAZgAPAAwABQBHAGEAbQBtAGEAEgAvVXNlcnMvYWxtL0RvY3VtZW50cy9kb2NzL3BhcGVycy9LUzIwMTBpamNhci5wZGYAABMAAS8AABUAAgAK//8AAIAG0hscHR5aJGNsYXNzbmFtZVgkY2xhc3Nlc11OU011dGFibGVEYXRhox0fIFZOU0RhdGFYTlNPYmplY3TSGxwiI1xOU0RpY3Rpb25hcnmiIiBfEA9OU0tleWVkQXJjaGl2ZXLRJidUcm9vdIABAAgAEQAaACMALQAyADcAQABGAE0AVQBgAGcAagBsAG4AcQBzAHUAdwCEAI4AqgCvALcCQQJDAkgCUwJcAmoCbgJ1An4CgwKQApMCpQKoAq0AAAAAAAACAQAAAAAAAAAoAAAAAAAAAAAAAAAAAAACrw==}}

@phdthesis{CS2011PhD,
	Author = {Christoph Sticksel},
	Date-Added = {2014-05-28 15:59:19 +0000},
	Date-Modified = {2015-02-22 13:03:18 +0000},
	School = {School of Computer Science, University of Manchester},
	Title = {Efficient Equational Reasoning for the Inst-Gen framework},
	Year = {2011},
	Bdsk-File-1 = {YnBsaXN0MDDUAQIDBAUGJCVYJHZlcnNpb25YJG9iamVjdHNZJGFyY2hpdmVyVCR0b3ASAAGGoKgHCBMUFRYaIVUkbnVsbNMJCgsMDxJXTlMua2V5c1pOUy5vYmplY3RzViRjbGFzc6INDoACgAOiEBGABIAFgAdccmVsYXRpdmVQYXRoWWFsaWFzRGF0YV8QFy4uL3BhcGVycy9DUzIwMTFQaEQucGRm0hcLGBlXTlMuZGF0YU8RAX4AAAAAAX4AAgAABUdhbW1hAAAAAAAAAAAAAAAAAAAAAAAAAAAAANCTjSNIKwAAABgJZw1DUzIwMTFQaEQucGRmAAAAAAAAAAAAAAAAAAAAAAAAAAAAAAAAAAAAAAAAAAAAAAAAAAAAAAAAAAAAAAAAAAAAGAlo0TCCjwAAAAAAAAAAAAEAAgAACSAAAAAAAAAAAAAAAAAAAAAGcGFwZXJzABAACAAA0JN/EwAAABEACAAA0TB0fwAAAAEAFAAYCWcAF/PhAAYngAAGJ38AApOZAAIAOEdhbW1hOlVzZXJzOgBhbG06AERvY3VtZW50czoAZG9jczoAcGFwZXJzOgBDUzIwMTFQaEQucGRmAA4AHAANAEMAUwAyADAAMQAxAFAAaABEAC4AcABkAGYADwAMAAUARwBhAG0AbQBhABIALVVzZXJzL2FsbS9Eb2N1bWVudHMvZG9jcy9wYXBlcnMvQ1MyMDExUGhELnBkZgAAEwABLwAAFQACAAr//wAAgAbSGxwdHlokY2xhc3NuYW1lWCRjbGFzc2VzXU5TTXV0YWJsZURhdGGjHR8gVk5TRGF0YVhOU09iamVjdNIbHCIjXE5TRGljdGlvbmFyeaIiIF8QD05TS2V5ZWRBcmNoaXZlctEmJ1Ryb290gAEACAARABoAIwAtADIANwBAAEYATQBVAGAAZwBqAGwAbgBxAHMAdQB3AIQAjgCoAK0AtQI3AjkCPgJJAlICYAJkAmsCdAJ5AoYCiQKbAp4CowAAAAAAAAIBAAAAAAAAACgAAAAAAAAAAAAAAAAAAAKl}}

@inproceedings{GK2003,
	Author = {Harald Ganzinger and Konstantin Korovin},
	Booktitle = {18th LICS 2003. Proceedings},
	Date-Added = {2014-05-28 15:47:54 +0000},
	Date-Modified = {2014-06-28 09:20:31 +0000},
	Organization = {IEEE},
	Pages = {55-64},
	Title = {{N}ew {D}irections in {I}nstantiation-{B}ased {T}heorem {P}roving},
	Year = {2003},
	Bdsk-File-1 = {YnBsaXN0MDDUAQIDBAUGJCVYJHZlcnNpb25YJG9iamVjdHNZJGFyY2hpdmVyVCR0b3ASAAGGoKgHCBMUFRYaIVUkbnVsbNMJCgsMDxJXTlMua2V5c1pOUy5vYmplY3RzViRjbGFzc6INDoACgAOiEBGABIAFgAdccmVsYXRpdmVQYXRoWWFsaWFzRGF0YV8QJS4uL3BhcGVyc19hci9pbnN0YW50aWF0aW9uX2xpY3MwMy5lcHPSFwsYGVdOUy5kYXRhTxEBtAAAAAABtAACAAAFR2FtbWEAAAAAAAAAAAAAAAAAAAAAAAAAAAAA0JONI0grAAAALllMGGluc3RhbnRpYXRpb25fbGljczAzLmVwcwAAAAAAAAAAAAAAAAAAAAAAAAAAAAAAAAAAAAAAAAAAAAAAAAAAAAAuWVDRi6vKAAAAAAAAAAAAAQACAAAJIAAAAAAAAAAAAAAAAAAAAAlwYXBlcnNfYXIAABAACAAA0JN/EwAAABEACAAA0YuPqgAAAAEAFAAuWUwAF/PhAAYngAAGJ38AApOZAAIARkdhbW1hOlVzZXJzOgBhbG06AERvY3VtZW50czoAZG9jczoAcGFwZXJzX2FyOgBpbnN0YW50aWF0aW9uX2xpY3MwMy5lcHMADgAyABgAaQBuAHMAdABhAG4AdABpAGEAdABpAG8AbgBfAGwAaQBjAHMAMAAzAC4AZQBwAHMADwAMAAUARwBhAG0AbQBhABIAO1VzZXJzL2FsbS9Eb2N1bWVudHMvZG9jcy9wYXBlcnNfYXIvaW5zdGFudGlhdGlvbl9saWNzMDMuZXBzAAATAAEvAAAVAAIACv//AACABtIbHB0eWiRjbGFzc25hbWVYJGNsYXNzZXNdTlNNdXRhYmxlRGF0YaMdHyBWTlNEYXRhWE5TT2JqZWN00hscIiNcTlNEaWN0aW9uYXJ5oiIgXxAPTlNLZXllZEFyY2hpdmVy0SYnVHJvb3SAAQAIABEAGgAjAC0AMgA3AEAARgBNAFUAYABnAGoAbABuAHEAcwB1AHcAhACOALYAuwDDAnsCfQKCAo0ClgKkAqgCrwK4Ar0CygLNAt8C4gLnAAAAAAAAAgEAAAAAAAAAKAAAAAAAAAAAAAAAAAAAAuk=}}

@book{HR2004,
	Abstract = {Recent years have seen the development of powerful tools for verifying hardware and software systems, as companies worldwide realise the need for improved means of validating their products. There is increasing demand for training in basic methods in formal reasoning so that students can gain proficiency in logic-based verification methods. The second edition of this successful textbook addresses both those requirements, by continuing to provide a clear introduction to formal reasoning which is both relevant to the needs of modern computer science and rigorous enough for practical application. Improvements to the first edition have been made throughout, with extra and expanded sections on SAT solvers, existential/universal second-order logic, micro-models, programming by contract and total correctness. The coverage of model-checking has been substantially updated. Further exercises have been added. Internet support for the book includes worked solutions for all exercises for teachers, and model solutions to some exercises for students.},
	Author = {Huth, Michael and Ryan, Mark},
	Date-Modified = {2014-06-28 06:15:24 +0000},
	Isbn = {052154310X},
	Keywords = {logic},
	Publisher = {Cambridge University Press},
	Title = {Logic in Computer Science: Modelling and Reasoning about Systems},
	Year = {2004}}
