%% This BibTeX bibliography file was created using BibDesk.
%% http://bibdesk.sourceforge.net/

%% Created for Alexander Maringele at 2016-02-04 17:55:27 +0100 


%% Saved with string encoding Unicode (UTF-8) 


@string{aaecc = {Applicable Algebra in Engineering, Communication and Computing}}

@string{entcs = {Electronic Notes in Theoretical Computer Science}}

@string{fi = {Fundamenta Informaticae}}

@string{ic = {Information and Computation}}

@string{ipl = {Information Processing Letters}}

@string{jar = {Journal of Automated Reasoning}}

@string{jsc = {Journal of Symbolic Computation}}

@string{lnai = {LNAI}}

@string{lncs = {LNCS}}

@string{tcs = {Theoretical Computer Science}}


@misc{LAT01,
	Author = {W. Schmidt and J. Knappen and H. Partl and I. Hyna},
	Date-Added = {2016-02-04 16:28:06 +0000},
	Date-Modified = {2016-02-04 16:28:06 +0000},
	Note = {\texttt{ctan.org/tex-archive/info/german/LaTeX2e-Kurzbeschreibung}},
	Title = {{L}a{T}e{X}-{K}urzbeschreibung},
	Year = {2003}}

@misc{LAT02,
	Author = {T. Oetiker and H. Partl and I. Hyna and E. Schlegl},
	Date-Added = {2016-02-04 16:28:06 +0000},
	Date-Modified = {2016-02-04 16:28:06 +0000},
	Note = {\texttt{ctan.org/tex-archive/info/lshort/english}},
	Title = {The not so short introduction to {L}a{T}e{X}},
	Year = {2007}}

@misc{LIS,
	Author = {C. Heinz and B. Moses},
	Date-Added = {2016-02-04 16:28:06 +0000},
	Date-Modified = {2016-02-04 16:28:06 +0000},
	Note = {\texttt{ctan.org/tex-} \texttt{archive/macros/latex/contrib/listings}},
	Title = {The \texttt{Listings} package},
	Year = {2007}}

@webpage{webDarwin,
	Date-Added = {2014-06-14 05:44:16 +0000},
	Date-Modified = {2014-06-14 05:45:07 +0000},
	Howpublished = {\href{http://combination.cs.uiowa.edu/Darwin/}{combination.cs.uiowa.edu/Darwin/}},
	Keywords = {TPTP},
	Lastchecked = {2014-05-31},
	Title = {Darwin - A theorem Prover for the Model Evolution Calculus},
	Url = {http://www.cs.miami.edu/~tptp/},
	Bdsk-Url-1 = {http://www.cs.man.ac.uk/~sticksec/iprover-eq/}}

@webpage{webCASC,
	Date-Added = {2014-06-14 05:05:20 +0000},
	Date-Modified = {2014-06-14 05:08:40 +0000},
	Howpublished = {\href{http://www.cs.miami.edu/~tptp/CASC}{www.cs.miami.edu/\~{}tptp/CASC}},
	Keywords = {TPTP},
	Lastchecked = {2014-05-31},
	Title = {The {CADE} ATP System Competition},
	Url = {http://www.cs.miami.edu/~tptp/CASC/},
	Bdsk-Url-1 = {http://www.cs.man.ac.uk/~sticksec/iprover-eq/}}

@webpage{webTPTPSyntax,
	Date-Added = {2014-06-14 04:00:44 +0000},
	Date-Modified = {2014-06-14 05:08:47 +0000},
	Howpublished = {\href{http://www.cs.miami.edu/~tptp/TPTP/SyntaxBNF.html}{www.cs.miami.edu/\~{}tptp/TPTP/SyntaxBNF.html}},
	Keywords = {TPTP,Syntax},
	Lastchecked = {2014-05-31},
	Title = {{TPTP} Syntax},
	Url = {http://www.cs.miami.edu/~tptp/TPTP/SyntaxBNF.html},
	Bdsk-Url-1 = {http://www.cs.man.ac.uk/~sticksec/iprover-eq/}}

@webpage{webTPTP,
	Date-Added = {2014-06-13 17:12:59 +0000},
	Date-Modified = {2014-06-14 05:08:52 +0000},
	Howpublished = {\href{http://www.cs.miami.edu/~tptp/}{www.cs.miami.edu/\~{}tptp}},
	Keywords = {TPTP},
	Lastchecked = {2014-05-31},
	Title = {{TPTP} library of thousands of proplems for theorem provers},
	Url = {http://www.cs.miami.edu/~tptp/},
	Bdsk-Url-1 = {http://www.cs.man.ac.uk/~sticksec/iprover-eq/}}

@misc{webVampire,
	Author = {Andrei Voronokov},
	Date-Added = {2014-06-13 14:14:17 +0000},
	Date-Modified = {2014-06-13 14:14:17 +0000},
	Howpublished = {\href{http://vprover.org}{vprover.org}},
	Lastchecked = {2014-05-31},
	Month = {June},
	Title = {Vampire's Home Page},
	Url = {http://vprover.org},
	Year = {2014},
	Bdsk-Url-1 = {http://www.cs.man.ac.uk/~korovink/iprover/}}

@misc{webKKIP,
	Author = {Konstantin Korovin},
	Date-Added = {2014-06-13 14:11:29 +0000},
	Date-Modified = {2014-06-13 19:00:44 +0000},
	Howpublished = {\href{http://www.cs.man.ac.uk/~korovink/iprover/}{www.cs.man.ac.uk/\~{}korovink/iprover/}},
	Lastchecked = {2014-05-31},
	Month = {June},
	Title = {{iProver}},
	Url = {http://www.cs.man.ac.uk/~korovink/iprover/},
	Year = {2014},
	Bdsk-Url-1 = {http://www.cs.man.ac.uk/~korovink/iprover/}}

@webpage{webCVC4,
	Date-Added = {2014-05-31 17:22:07 +0000},
	Date-Modified = {2014-06-13 19:01:37 +0000},
	Howpublished = {\href{http://cvc4.cs.nyu.edu/web/}{cvc4.cs.nyu.edu/web/}},
	Keywords = {CVC4},
	Lastchecked = {2014-05-31},
	Month = {June},
	Title = {{CVC4}: the smt solver},
	Url = {http://cvc4.cs.nyu.edu/web/},
	Year = {2014},
	Bdsk-Url-1 = {http://www.cs.man.ac.uk/~korovink/iprover/}}

@misc{webCSIPE,
	Author = {Christoph Sticksel},
	Date-Added = {2014-05-31 17:22:07 +0000},
	Date-Modified = {2014-06-13 19:00:53 +0000},
	Howpublished = {\href{http://www.cs.man.ac.uk/~sticksec/iprover-eq/}{www.cs.man.ac.uk/\~{}sticksec/iprover-eq}},
	Lastchecked = {2014-05-31},
	Title = {{iProver-Eq}},
	Url = {http://www.cs.man.ac.uk/~sticksec/iprover-eq/},
	Year = {2014},
	Bdsk-Url-1 = {http://www.cs.man.ac.uk/~sticksec/iprover-eq/}}
