%% This BibTeX bibliography file was created using BibDesk.
%% http://bibdesk.sourceforge.net/

%% Created for Alexander Maringele at 2016-02-05 09:19:35 +0100 


%% Saved with string encoding Unicode (UTF-8) 



@incollection{handbook_unification,
	Author = {Baader, Franz and Snyder, Wayne},
	Bibsource = {DBLP, http://dblp.uni-trier.de},
	Booktitle = {Handbook of Automated Reasoning},
	Crossref = {DBLP:books/el/RobinsonV01},
	Pages = {445-532},
	Title = {Unification Theory},
	Year = {2001}}

@incollection{handbook_indexing,
	Author = {I. V. Ramakrishnan and R. C. Sekar and Andrei Voronkov},
	Bibsource = {DBLP, http://dblp.uni-trier.de},
	Booktitle = {Handbook of Automated Reasoning},
	Crossref = {DBLP:books/el/RobinsonV01},
	Pages = {1853-1964},
	Title = {Term Indexing},
	Year = {2001}}

@incollection{handbook_paramodulation,
	Author = {Robert Nieuwenhuis and Albert Rubio},
	Booktitle = {Handbook of Automated Reasoning},
	Crossref = {DBLP:books/el/RobinsonV01},
	Title = {Paramodulation-Based Theorem Proving},
	Year = {1999}}

@techreport{substitution_trees,
	Author = {Peter Graf and Im Stadtwald},
	Institution = {Max-Planck-Institut F{\"}ur Informatik},
	Month = {October},
	Number = {MPI-I-94-251},
	Title = {Substitution Tree Indexing},
	Year = {1994}}

@article{discrimination_trees,
	Author = {William McCune},
	Journal = {Journal of Automated Reasoning},
	Pages = {9--2},
	Title = {Experiments with Discrimination-Tree Indexing and Path Indexing for Term Retrieval},
	Volume = {9},
	Year = {1990}}

@article{robinson_resolution,
	Acmid = {321253},
	Address = {New York, NY, USA},
	Author = {Robinson, J. A.},
	Doi = {10.1145/321250.321253},
	Issn = {0004-5411},
	Journal = {J. ACM},
	Number = {1},
	Numpages = {19},
	Pages = {23--41},
	Publisher = {ACM},
	Title = {{A Machine-Oriented Logic Based on the Resolution Principle}},
	Url = {http://doi.acm.org/10.1145/321250.321253},
	Volume = {12},
	Year = {1965},
	Bdsk-Url-1 = {http://doi.acm.org/10.1145/321250.321253},
	Bdsk-Url-2 = {http://dx.doi.org/10.1145/321250.321253}}

@article{e_brainiac_prover,
	Acmid = {1218621},
	Address = {Amsterdam, The Netherlands, The Netherlands},
	Author = {Schulz, Stephan},
	Issn = {0921-7126},
	Issue_Date = {August 2002},
	Journal = {AI Commun.},
	Keywords = {E, Theorem proving, rewriting, search control, superposition},
	Month = aug,
	Number = {2,3},
	Numpages = {16},
	Pages = {111--126},
	Publisher = {IOS Press},
	Title = {E - a brainiac theorem prover},
	Url = {http://dl.acm.org/citation.cfm?id=1218615.1218621},
	Volume = {15},
	Year = {2002},
	Bdsk-Url-1 = {http://dl.acm.org/citation.cfm?id=1218615.1218621}}

@article{ahl03,
	Author = {J. Avenhaus and Th. Hillenbrand and B. L{\"}ochner},
	Doi = {10.1016/S0747-7171(03)00024-5},
	Journal = {Journal of Symbolic Computation},
	Number = {1--2},
	Pages = {217 -- 233},
	Title = {On Using Ground Joinable Equations in Equational Theorem Proving},
	Volume = {36},
	Year = {2003},
	Bdsk-Url-1 = {http://dx.doi.org/10.1016/S0747-7171(03)00024-5}}

@misc{otter_prover,
	Author = {McCune, William},
	Title = {{OTTER 3.0 Reference Manual and Guide}},
	Year = {1995}}

@incollection{z3_prover,
	Abstract = {{Satisfiability Modulo Theories (SMT) problem is a decision
    problem for logical first order formulas with respect to combinations of
    background theories such as: arithmetic, bit-vectors, arrays, and
    uninterpreted functions. Z3 is a new and efficient SMT Solver freely available
    from Microsoft Research. It is used in various software verification and
    analysis applications.}},
	Address = {Berlin, Heidelberg},
	Author = {de Moura, Leonardo and Bj{\o}rner, Nikolaj},
	Booktitle = {Tools and Algorithms for the Construction and Analysis of Systems},
	Chapter = {24},
	Citeulike-Article-Id = {2755378},
	Citeulike-Linkout-0 = {http://dx.doi.org/10.1007/978-3-540-78800-3\_24},
	Citeulike-Linkout-1 = {http://www.springerlink.com/content/60hx121083823548},
	Doi = {10.1007/978-3-540-78800-3\_24},
	Editor = {Ramakrishnan, C. and Rehof, Jakob},
	Isbn = {978-3-540-78799-0},
	Journal = {Tools and Algorithms for the Construction and Analysis of Systems},
	Keywords = {msreport, smt},
	Pages = {337--340},
	Posted-At = {2009-03-04 22:51:19},
	Priority = {2},
	Publisher = {Springer},
	Series = {Lecture Notes in Computer Science},
	Title = {{Z3}: An Efficient {SMT} Solver},
	Url = {http://dx.doi.org/10.1007/978-3-540-78800-3\_24},
	Volume = {4963},
	Year = {2008},
	Bdsk-Url-1 = {http://dx.doi.org/10.1007/978-3-540-78800-3%5C_24}}

@inproceedings{cvc3_prover,
	;Booktitle = {Proceedings of the 19th International Conference on Computer Aided Verification (CAV '07)},
	;Publisher = {Springer},
	Abstract = {{CVC3, a joint project of NYU and U Iowa, is the new and
    latest version of the Cooperating Validity Checker.  CVC3 extends and builds
    on the functionality of its predecessors and includes many new features such
    as support for additional theories, an abstract architecture for Boolean
    reasoning, and SMT-LIB compliance.  We describe the system and discuss some
    applications and continuing work.}},
	Author = {Barrett, Clark and Tinelli, Cesare},
	Citeulike-Article-Id = {8758882},
	Citeulike-Linkout-0 = {http://cs.nyu.edu//acsys/pubs/BT07.ps},
	Citeulike-Linkout-1 = {http://dx.doi.org/10.1007/978-3-540-73368-3\_34},
	Doi = {10.1007/978-3-540-73368-3\_34},
	Editor = {Damm, Werner and Hermanns, Holger},
	Keywords = {acsys\_web},
	Month = jul,
	Pages = {298--302},
	Posted-At = {2011-02-08 17:42:35},
	Priority = {2},
	Series = {Lecture Notes in Computer Science},
	Title = {{CVC3}},
	Url = {http://cs.nyu.edu//acsys/pubs/BT07.ps},
	Volume = {4590},
	Year = {2007},
	Bdsk-Url-1 = {http://cs.nyu.edu//acsys/pubs/BT07.ps},
	Bdsk-Url-2 = {http://dx.doi.org/10.1007/978-3-540-73368-3%5C_34}}

@inproceedings{zenon,
	Author = {Richard Bonichon and David Delahaye and Damien Doligez},
	Booktitle = {LPAR},
	Pages = {151-165},
	Title = {Zenon : An Extensible Automated Theorem Prover Producing Checkable Proofs},
	Year = {2007}}

@inproceedings{dpll_gamma,
	Author = {Leonardo de Moura and Nikolaj Bj{\o}rner},
	Booktitle = {{Proc}. 4TH IJCAR},
	Title = {Engineering {DPLL(T)} + saturation},
	Year = {2008}}

@inproceedings{smels,
	Address = {Seoul, Korea},
	Author = {Lynch, Christopher and Tran, Duc-Khanh},
	Booktitle = {Automated Technology for Verification and Analysis 6th International Symposium, ATVA 2008},
	Editor = {Cha, Sungdeok (Steve) and Choi, Jin-Young and Kim Moonzoo and Lee, Insup and Viswanathan, Mahesh},
	Isbn = {0302-9743},
	Pages = {186--200},
	Publisher = {Springer},
	Series = {Lecture Notes in Computer Science},
	Title = {{SMELS}: {Satisfiability Modulo Equality with Lazy Superposition}},
	Volume = {5311},
	Year = {2008}}

@article{pelletier_problems,
	Author = {Francis Jeffry Pelletier},
	Bibsource = {DBLP, http://dblp.uni-trier.de},
	Ee = {http://dx.doi.org/10.1007/BF02432151},
	Journal = {J. Autom. Reasoning},
	Number = {2},
	Pages = {191-216},
	Title = {{Seventy-Five Problems for Testing Automatic Theorem Provers}},
	Volume = {2},
	Year = {1986}}

@article{linear_unification,
	Author = {Alberto Martelli and Ugo Montanari},
	Journal = {Transactions on Programming Languages and Systems (TOPLAS)},
	Number = {2},
	Pages = {258--282},
	Title = {{An Efficient Unification Algorithm}},
	Volume = {4},
	Year = {1982}}

@incollection{dedam,
	Affiliation = {Technical University of Catalonia Pau Gargallo 5 08028 Barcelona Spain Pau Gargallo 5 08028 Barcelona Spain},
	Author = {Nieuwenhuis, Robert and Rivero, Jos\'e and Vallejo, Miguel},
	Booktitle = {Automated Deduction--CADE-14},
	Editor = {McCune, William},
	Isbn = {978-3-540-63104-0},
	Keyword = {Computer Science},
	Note = {10.1007/3-540-63104-6\_5},
	Pages = {49-52},
	Publisher = {Springer},
	Series = {Lecture Notes in Computer Science},
	Title = {{Dedam: A kernel of data structures and algorithms for automated deduction with equality clauses}},
	Url = {http://dx.doi.org/10.1007/3-540-63104-6\_5},
	Volume = {1249},
	Year = {1997},
	Bdsk-Url-1 = {http://dx.doi.org/10.1007/3-540-63104-6%5C_5}}

@article{tptp_archive,
	Author = {Sutcliffe, G.},
	Journal = {Journal of Automated Reasoning},
	Number = {4},
	Pages = {337-362},
	Title = {{The TPTP Problem Library and Associated Infrastructure: The FOF and CNF Parts, v3.5.0}},
	Volume = {43},
	Year = {2009}}

@incollection{spass_prover,
	Affiliation = {Max-Planck-Institut f{\"}ur Informatik, Email:spass@mpi-sb.mpg.de Germany},
	Author = {Weidenbach, Christoph and Schmidt, Renate and Hillenbrand, Thomas and Rusev, Rostislav and Topic, Dalibor},
	Booktitle = {Automated Deduction -- CADE-21},
	Editor = {Pfenning, Frank},
	Isbn = {978-3-540-73594-6},
	Keyword = {Computer Science},
	Pages = {514-520},
	Publisher = {Springer},
	Series = {Lecture Notes in Computer Science},
	Title = {{System Description: SPASS Version 3.0}},
	Url = {http://dx.doi.org/10.1007/978-3-540-73595-3\_38},
	Volume = {4603},
	Year = {2007},
	Bdsk-Url-1 = {http://dx.doi.org/10.1007/978-3-540-73595-3%5C_38}}

@inproceedings{feature_vector_indexing,
	Author = {Stephan Schulz},
	Booktitle = {Proc. of the IJCAR-2004 Workshop on Empirically Successful First-Order Theorem Proving},
	Publisher = {Elsevier Science},
	Title = {{Simple and Efficient Clause Subsumption with Feature Vector Indexing}},
	Year = {2004}}

@article{theory_resolution,
	Author = {Mark E. Stickel},
	Journal = {Journal of Automated Reasoning},
	Pages = {333--355},
	Title = {{Automated Deduction by Theory Resolution}},
	Volume = {1},
	Year = {1985}}

@inproceedings{terminator,
	Author = {Grigoris Antoniou and Hans J{\"}urgen Ohlbach},
	Booktitle = {IJCAI'83},
	Pages = {916-919},
	Title = {{TERMINATOR.}},
	Year = {1983}}

@article{e_matching_fun_profit,
	Acmid = {1371287},
	Address = {Amsterdam, The Netherlands, The Netherlands},
	Author = {Moskal, Micha{\l} and {\L}opusza\'{n}ski, Jakub and Kiniry, Joseph R.},
	Doi = {10.1016/j.entcs.2008.04.078},
	Issn = {1571-0661},
	Issue = {2},
	Journal = {Electron. Notes Theor. Comput. Sci.},
	Keywords = {E-matching, SMT, quantifier instantiation},
	Month = {May},
	Numpages = {17},
	Pages = {19--35},
	Publisher = {Elsevier Science Publishers B. V.},
	Title = {{E}-matching for Fun and Profit},
	Url = {http://dl.acm.org/citation.cfm?id=1371256.1371287},
	Volume = {198},
	Year = {2008},
	Bdsk-Url-1 = {http://dl.acm.org/citation.cfm?id=1371256.1371287},
	Bdsk-Url-2 = {http://dx.doi.org/10.1016/j.entcs.2008.04.078}}

@inproceedings{efficient_e_matching,
	Author = {Leonardo de Moura and Nikolaj Bj{\o}rner},
	Booktitle = {Conference on Automated Deduction (CADE), Bremen, Germany},
	Title = {Efficient {E}-matching for {SMT} solvers},
	Year = {2007}}

@article{relational_algebra,
	Acmid = {362685},
	Address = {New York, NY, USA},
	Author = {Codd, E. F.},
	Doi = {http://doi.acm.org/10.1145/362384.362685},
	Issn = {0001-0782},
	Issue = {6},
	Issue_Date = {June 1970},
	Journal = {Commun. ACM},
	Keywords = {composition, consistency, data bank, data base, data integrity, data organization, data structure, derivability, hierarchies of data, join, networks of data, predicate calculus, redundancy, relations, retrieval language, security},
	Month = {June},
	Numpages = {11},
	Pages = {377--387},
	Publisher = {ACM},
	Title = {A relational model of data for large shared data banks},
	Url = {http://doi.acm.org/10.1145/362384.362685},
	Volume = {13},
	Year = {1970},
	Bdsk-Url-1 = {http://doi.acm.org/10.1145/362384.362685}}

@article{spass_plus_t,
	Author = {Prevosto, Virgile and Waldmann, Uwe},
	Journal = {Proceedings ESCoR: FLoC'06 Workshop on Empirically Successful Computerized Reasoning},
	Pages = {18 -- 33},
	Title = {{SPASS + T}},
	Url = {http://CEUR-WS.org/Vol-192/paper02.p},
	Year = {2006},
	Bdsk-Url-1 = {http://CEUR-WS.org/Vol-192/paper02.p}}

@inproceedings{iprover,
	Acmid = {1431141},
	Address = {Berlin, Heidelberg},
	Author = {Korovin, Konstantin},
	Booktitle = {Proceedings of the 4th international joint conference on Automated Reasoning},
	Doi = {10.1007/978-3-540-71070-7_24},
	Isbn = {978-3-540-71069-1},
	Location = {Sydney, Australia},
	Numpages = {7},
	Pages = {292--298},
	Publisher = {Springer-Verlag},
	Series = {IJCAR '08},
	Title = {{iProver --- An Instantiation-Based Theorem Prover for First-Order Logic (System Description)}},
	Url = {http://dx.doi.org/10.1007/978-3-540-71070-7_24},
	Year = {2008},
	Bdsk-Url-1 = {http://dx.doi.org/10.1007/978-3-540-71070-7_24}}

@book{DBLP:books/el/RobinsonV01,
	Bibsource = {DBLP, http://dblp.uni-trier.de},
	Editor = {John Alan Robinson and Andrei Voronkov},
	Isbn = {0-444-50813-9, 0-262-18223-8},
	Publisher = {Elsevier and MIT Press},
	Title = {{Handbook of Automated Reasoning (in 2 volumes)}},
	Year = {2001}}

@article{simplify,
	Author = {Detlefs, David and Nelson, Greg and Saxe, James B.},
	Issn = {0004-5411},
	Issue = {3},
	Issue_Date = {May 2005},
	Journal = {J. ACM},
	Month = {May},
	Numpages = {109},
	Pages = {365--473},
	Title = {{Simplify: {A} theorem prover for program checking}},
	Volume = {52},
	Year = {2005}}

@article{yices,
	Author = {Dutertre, B and De Moura, L},
	Journal = {Tool paper at \url{http://yices.csl.sri.com/tool-paper.pdf}},
	Pages = {1--5},
	Publisher = {Citeseer},
	Title = {{The Yices SMT solver}},
	Url = {http://citeseerx.ist.psu.edu/viewdoc/download?doi=10.1.1.85.7567&rep=rep1&type=pdf},
	Year = {2006},
	Bdsk-Url-1 = {http://citeseerx.ist.psu.edu/viewdoc/download?doi=10.1.1.85.7567&rep=rep1&type=pdf}}

@misc{smtlib,
	Author = {Silvio Ranise and Loria and Cesare Tinelli},
	Title = {{The SMT-LIB standard: Version 1.2}},
	Url = {http://www.smtlib.org/},
	Year = {2006},
	Bdsk-Url-1 = {http://www.smtlib.org/}}

@inproceedings{superposition_distinct,
	Author = {Stephan Schulz and Maria Paola Bonacina},
	Booktitle = {In Notes 5th IWIL Workshop},
	Pages = {11--66},
	Title = {{On handling distinct objects in the superposition calculus}},
	Year = {2005}}

@inproceedings{vampire_prover,
	Acmid = {753936},
	Address = {London, UK, UK},
	Author = {Alexandre Riazanov and Andrei Voronkov},
	Booktitle = {Proceedings of the First International Joint Conference on Automated Reasoning},
	Isbn = {3-540-42254-4},
	Numpages = {5},
	Pages = {376--380},
	Publisher = {Springer-Verlag},
	Series = {IJCAR '01},
	Title = {Vampire 1.1 (System Description)},
	Url = {http://dl.acm.org/citation.cfm?id=648237.753936},
	Year = {2001},
	Bdsk-Url-1 = {http://dl.acm.org/citation.cfm?id=648237.753936}}

@article{things_to_know_kbo,
	Acmid = {1196583},
	Address = {Secaucus, NJ, USA},
	Author = {L{\"o}chner, Bernd},
	Doi = {10.1007/s10817-006-9031-4},
	Issn = {0168-7433},
	Issue = {4},
	Journal = {J. Autom. Reason.},
	Keywords = {Knuth---Bendix ordering, program transformation},
	Month = {April},
	Numpages = {22},
	Pages = {289--310},
	Publisher = {Springer-Verlag New York, Inc.},
	Title = {Things to Know when Implementing {KBO}},
	Url = {http://dl.acm.org/citation.cfm?id=1196571.1196583},
	Volume = {36},
	Year = {2006},
	Bdsk-Url-1 = {http://dl.acm.org/citation.cfm?id=1196571.1196583},
	Bdsk-Url-2 = {http://dx.doi.org/10.1007/s10817-006-9031-4}}

@inproceedings{chaff_efficient_sat_solver,
	Acmid = {379017},
	Address = {New York, NY, USA},
	Author = {Moskewicz, Matthew W. and Madigan, Conor F. and Zhao, Ying and Zhang, Lintao and Malik, Sharad},
	Booktitle = {Proceedings of the 38th Annual Design Automation Conference},
	Doi = {http://doi.acm.org/10.1145/378239.379017},
	Isbn = {1-58113-297-2},
	Keywords = {boolean satisfiability, design verification},
	Location = {Las Vegas, Nevada, United States},
	Numpages = {6},
	Pages = {530--535},
	Publisher = {ACM},
	Series = {DAC '01},
	Title = {{Chaff: engineering an efficient SAT solver}},
	Url = {http://doi.acm.org/10.1145/378239.379017},
	Year = {2001},
	Bdsk-Url-1 = {http://doi.acm.org/10.1145/378239.379017}}

@article{nelson_oppen,
	Address = {Stanford, CA, USA},
	Author = {Nelson, Greg and Oppen, Derek C.},
	Journal = {ACM Transactions on Programming Languages and Systems},
	Publisher = {Stanford University},
	Source = {http://www.ncstrl.org:8900/ncstrl/servlet/search?formname=detail\&id=oai%3Ancstrlh%3Astan%3ASTAN%2F%2FCS-TR-78-652},
	Title = {Simplification by cooperating decision procedures},
	Year = {1978}}

@inproceedings{tutorial_smt,
	Acmid = {1770358},
	Address = {Berlin, Heidelberg},
	Author = {de Moura, Leonardo and Dutertre, Bruno and Shankar, Natarajan},
	Booktitle = {Proceedings of the 19th international conference on Computer aided verification},
	Isbn = {978-3-540-73367-6},
	Location = {Berlin, Germany},
	Numpages = {17},
	Pages = {20--36},
	Publisher = {Springer-Verlag},
	Series = {CAV'07},
	Title = {A tutorial on satisfiability modulo theories},
	Url = {http://dl.acm.org/citation.cfm?id=1770351.1770358},
	Year = {2007},
	Bdsk-Url-1 = {http://dl.acm.org/citation.cfm?id=1770351.1770358}}

@article{dpll,
	Acmid = {368557},
	Address = {New York, NY, USA},
	Author = {Davis, Martin and Logemann, George and Loveland, Donald},
	Doi = {http://doi.acm.org/10.1145/368273.368557},
	Issn = {0001-0782},
	Issue = {7},
	Journal = {Commun. ACM},
	Month = {July},
	Numpages = {4},
	Pages = {394--397},
	Publisher = {ACM},
	Title = {A machine program for theorem-proving},
	Url = {http://doi.acm.org/10.1145/368273.368557},
	Volume = {5},
	Year = {1962},
	Bdsk-Url-1 = {http://doi.acm.org/10.1145/368273.368557}}

@article{from_dpll_to_dpll_t,
	Author = {Robert Nieuwenhuis and Albert Oliveras and Cesare Tinelli},
	Journal = {Journal of the ACM},
	Pages = {2006},
	Title = {{Solving SAT and SAT Modulo Theories: From an Abstract Davis-Putnam-Logemann-Loveland Procedure to DPLL(T)}},
	Volume = {53},
	Year = {2006}}

@incollection{learning-domain-knowledge,
	Author = {Denzinger, J{\"}org and Schulz, Stephan},
	Booktitle = {Automated Deduction -- Cade-13},
	Doi = {10.1007/3-540-61511-3_69},
	Editor = {McRobbie, M.A. and Slaney, J.K.},
	Isbn = {978-3-540-61511-8},
	Pages = {62-76},
	Publisher = {Springer},
	Series = {Lecture Notes in Computer Science},
	Title = {Learning domain knowledge to improve theorem proving},
	Url = {http://dx.doi.org/10.1007/3-540-61511-3_69},
	Volume = {1104},
	Year = {1996},
	Bdsk-Url-1 = {http://dx.doi.org/10.1007/3-540-61511-3_69}}

@incollection{improvements-waldmeister,
	Author = {Hillenbrand, Thomas and Jaeger, Andreas and L{\"}ochner, Bernd},
	Booktitle = {Automated Deduction --- CADE-16},
	Doi = {10.1007/3-540-48660-7_20},
	Isbn = {978-3-540-66222-8},
	Language = {English},
	Pages = {232-236},
	Publisher = {Springer},
	Series = {Lecture Notes in Computer Science},
	Title = {{System Description: Waldmeister --- Improvements in Performance and Ease of Use}},
	Url = {http://dx.doi.org/10.1007/3-540-48660-7_20},
	Volume = {1632},
	Year = {1999},
	Bdsk-Url-1 = {http://dx.doi.org/10.1007/3-540-48660-7_20}}

@book{datalog-foundation,
	Author = {Serge Abiteboul and Richard Hull and Victor Vianu},
	Bibsource = {DBLP, http://dblp.uni-trier.de},
	Isbn = {0-201-53771-0},
	Publisher = {Addison-Wesley},
	Title = {Foundations of Databases},
	Year = {1995}}

@incollection{lazy-cnf-superposition,
	Author = {Ganzinger, Harald and Stuber, J{\"}urgen},
	Booktitle = {Automated Deduction -- CADE-19},
	Doi = {10.1007/978-3-540-45085-6_31},
	Editor = {Baader, Franz},
	Isbn = {978-3-540-40559-7},
	Pages = {335-349},
	Publisher = {Springer},
	Series = {Lecture Notes in Computer Science},
	Title = {Superposition with Equivalence Reasoning and Delayed Clause Normal Form Transformation},
	Url = {http://dx.doi.org/10.1007/978-3-540-45085-6_31},
	Volume = {2741},
	Year = {2003},
	Bdsk-Url-1 = {http://dx.doi.org/10.1007/978-3-540-45085-6_31}}

@inproceedings{Stuber96superpositiontheorem,
	Author = {J{\"}urgen Stuber},
	Booktitle = {Theoretical Computer Science},
	Pages = {208--1},
	Publisher = {Springer},
	Title = {Superposition Theorem Proving for Abelian Groups Represented as Integer Modules},
	Year = {1996}}

@incollection{Bachmair93associativeCommutativeSuperposition,
	Author = {Bachmair, Leo and Ganzinger, Harald},
	Booktitle = {Conditional and Typed Rewriting Systems},
	Doi = {10.1007/3-540-60381-6_1},
	Editor = {Dershowitz, Nachum and Lindenstrauss, Naomi},
	Isbn = {978-3-540-60381-8},
	Publisher = {Springer},
	Series = {LNCS},
	Title = {{Associative-Commutative Superposition}},
	Url = {http://dx.doi.org/10.1007/3-540-60381-6_1},
	Volume = {968},
	Year = {1995},
	Bdsk-Url-1 = {http://dx.doi.org/10.1007/3-540-60381-6_1}}

@article{cooper1972theorem,
	Author = {Cooper, David C},
	Journal = {Machine Intelligence},
	Title = {Theorem proving in arithmetic without multiplication},
	Year = {1972}}

@inproceedings{waldmann2001superposition,
	Author = {Waldmann, Uwe},
	Booktitle = {{IJCAR}},
	Publisher = {Springer},
	Series = {{Lecture Notes in Computer Science}},
	Title = {{Superposition and Chaining for Totally Ordered Divisible Abelian Groups}},
	Year = {2001}}

@article{waldmann1998extendingACURPO,
	Author = {Waldmann, Uwe},
	Journal = {Information processing letters},
	Number = {1},
	Pages = {43--49},
	Publisher = {Elsevier},
	Title = {{Extending reduction orderings to ACU-compatible reduction orderings}},
	Volume = {67},
	Year = {1998}}

@inproceedings{korovin2007arithSuperposition,
	Author = {Korovin, Konstantin and Voronkov, Andrei},
	Booktitle = {Computer Science Logic},
	Organization = {Springer},
	Pages = {223--237},
	Title = {Integrating linear arithmetic into superposition calculus},
	Year = {2007}}

@incollection{althaus2009supLA,
	Author = {Althaus, Ernst and Kruglov, Evgeny and Weidenbach, Christoph},
	Booktitle = {{Frontiers of Combining Systems}},
	Doi = {10.1007/978-3-642-04222-5_5},
	Editor = {Ghilardi, Silvio and Sebastiani, Roberto},
	Isbn = {978-3-642-04221-8},
	Pages = {84-99},
	Publisher = {Springer},
	Series = {LNCS},
	Title = {{Superposition Modulo Linear Arithmetic SUP(LA)}},
	Url = {http://dx.doi.org/10.1007/978-3-642-04222-5_5},
	Volume = {5749},
	Year = {2009},
	Bdsk-Url-1 = {http://dx.doi.org/10.1007/978-3-642-04222-5_5}}

@article{bachmair1994refutational,
	Author = {Bachmair, Leo and Ganzinger, Harald and Waldmann, Uwe},
	Journal = {Applicable Algebra in Engineering, Communication and Computing},
	Number = {3-4},
	Pages = {193--212},
	Publisher = {Springer},
	Title = {Refutational theorem proving for hierarchic first-order theories},
	Volume = {5},
	Year = {1994}}

@incollection{baumgartner2013hierarchic,
	Author = {Baumgartner, Peter and Waldmann, Uwe},
	Booktitle = {Automated Deduction--CADE-24},
	Publisher = {Springer},
	Title = {Hierarchic superposition with weak abstraction},
	Year = {2013}}

@incollection{superpositionCancellativeAbelianMonoids,
	Author = {Ganzinger, Harald and Waldmann, Uwe},
	Booktitle = {{Automated Deduction -- Cade-13}},
	Doi = {10.1007/3-540-61511-3_102},
	Editor = {McRobbie, M.A. and Slaney, J.K.},
	Isbn = {978-3-540-61511-8},
	Pages = {388-402},
	Publisher = {Springer Berlin Heidelberg},
	Series = {{LNCS}},
	Title = {{Theorem proving in cancellative abelian monoids (extended abstract)}},
	Url = {http://dx.doi.org/10.1007/3-540-61511-3_102},
	Volume = {1104},
	Year = {1996},
	Bdsk-Url-1 = {http://dx.doi.org/10.1007/3-540-61511-3_102}}

@book{bezout1779theorie,
	Author = {B{\'e}zout, \'Etienne},
	Publisher = {De l'imprimerie de Ph. D. Pierres},
	Title = {Th\'eorie g\'en\'erale des \'equations alg\'ebriques},
	Year = {1779}}

@article{striveHinesSubset,
	Author = {Hines, Larry},
	Booktitle = {CADE},
	Doi = {/10.1007/3-540-52885-7_88},
	Journal = {{Proc. 10th International Conference on Automated Deduction}},
	Publisher = {Springer},
	Title = {{Strive: The Strive-based Subset Prover (1990)}},
	Year = {1990},
	Bdsk-Url-1 = {http://dx.doi.org/10.1007/3-540-52885-7_88}}

@article{saturate_prover,
	Author = {Ganzinger, Harald and Nieuwenhuis, Robert and Nivela, Pilar},
	Publisher = {Citeseer},
	Title = {{The Saturate system}},
	Year = {1998}}

@incollection{tff1_format,
	Author = {Blanchette, Jasmin Christian and Paskevich, Andrei},
	Booktitle = {Automated Deduction--CADE-24},
	Pages = {414--420},
	Publisher = {Springer},
	Title = {{TFF1: The TPTP typed first-order form with rank-1 polymorphism}},
	Year = {2013}}

@incollection{theoryDetectionFrocos,
	Author = {Burel, Guillaume and Cruanes, Simon},
	Booktitle = {{Frontiers of Combining Systems}},
	Doi = {10.1007/978-3-642-40885-4_16},
	Editor = {Fontaine, Pascal and Ringeissen, Christophe and Schmidt, Renate A.},
	Isbn = {978-3-642-40884-7},
	Pages = {229-244},
	Publisher = {Springer Berlin Heidelberg},
	Series = {{Lecture Notes in Computer Science}},
	Title = {{Detection of First Order Axiomatic Theories}},
	Url = {http://dx.doi.org/10.1007/978-3-642-40885-4_16},
	Volume = {8152},
	Year = {{2013}},
	Bdsk-Url-1 = {http://dx.doi.org/10.1007/978-3-642-40885-4_16}}

@incollection{fingerprint_indexing,
	Author = {Schulz, Stephan},
	Booktitle = {Automated Reasoning},
	Pages = {477--483},
	Publisher = {Springer},
	Title = {{Fingerprint indexing for paramodulation and rewriting}},
	Year = {2012}}

@unpublished{prover9-mace4,
	Author = {McCune, William},
	Note = {{\url{http://www.cs.unm.edu/~mccune/prover9} }},
	Title = {{Prover9 and Mace4}},
	Year = {2005--2010}}

@inproceedings{focal04,
	Author = {C. Dubois and T. Hardin and V. Viguie Donzeau-Gouge},
	Booktitle = {{Symposium on Trends in Functional Programming (TFP04)}},
	Series = {Trends in Functional Programming},
	Title = {{Building certified components within FOCAL}},
	Year = 2004}

@inproceedings{focaldep02,
	Author = {Virgile Prevosto and Damien Doligez and Th\'er\`ese Hardin},
	Booktitle = {Proceedings of TPHOLs 02},
	Editor = {C\'esar Mu\~noz, Sofi\`ene Tahar and V\'ictor Carre\~eo},
	Month = {August},
	Publisher = {Springer-Verlag},
	Title = {Algebraic Structures and Dependent Records},
	Year = 2002}

@inproceedings{mixdrecs,
	Address = {Nara, Japan},
	Author = {Prevosto, Virgile and Boulm\'e Sylvain},
	Booktitle = {TLCA},
	Editor = {Pawel Urzyczyn},
	Month = {April},
	Pages = {324 -- 338},
	Publisher = {Springer},
	Series = {LNCS},
	Title = {Proof Contexts with Late Binding},
	Volume = {3461},
	Year = {2005}}

@phdthesis{focalize_calcul_formel,
	Author = {Sylvain Boulm\'e},
	School = {Universit\'e Paris 6},
	Title = {Sp\'ecification d'un environnement d\'edi\'e \`a la programmation certifi\'ee de biblioth\`eques de Calcul Formel},
	Type = {Th\`ese de Doctorat},
	Year = 2000}

@conference{avions,
	Author = {David Delahaye and Jean-Fr\'ed\'eric {\'E}tienne and V\'eronique Vigui\'e Donzeau-Gouge},
	Booktitle = {In Formal Methods},
	Month = {August},
	Pages = {48--63},
	Publisher = {Springer},
	Title = {Certifying Airport Security Regulations using the Focal Environment},
	Year = 2006}

@phdthesis{these_prevosto,
	Author = {Virgile Prevosto},
	Month = {September},
	School = {Universit\'e Paris 6},
	Title = {Conception et Implantation du langage FoC pour le d\'eveloppement de logiciels certifi\'es},
	Type = {Th\`ese de doctorat},
	Year = 2003}

@phdthesis{fechter,
	Author = {St\'ephane Fechter},
	Month = {Juillet},
	School = {Universit\'e Paris 6},
	Title = {S\'emantique des traits orient\'es objet de \textsc{Focal}},
	Type = {Th{\`e}se de doctorat},
	Year = {2005}}

@misc{dedukti,
	Author = {Mathieu Boespflug and Quentin Carbonneaux and Olivier Hermant},
	Howpublished = {\url{https://www.rocq.inria.fr/deducteam/Dedukti/index.html}},
	Title = {Dedukti}}

@inproceedings{Saillard2013,
	Address = {Padova},
	Author = {Saillard, R.},
	Booktitle = {Foundation of Mathematics for Computer-Aided Formalization Workshop},
	Title = {Dedukti: a Universal Proof Checker},
	Year = {2013}}

@inproceedings{dedukti12,
	Author = {Boespflug, Mathieu and Carbonneaux, Quentin and Hermant, Olivier},
	Booktitle = {Proceedings of the Second International Workshop on Proof Exchange for Theorem Proving},
	Title = {The lambda-Pi-calculus Modulo as a Universal Proof Language},
	Year = {2012}}

@misc{maude_itp,
	Author = {M. Clavel and F. Dur{\'a}n and S. Eker and J. Meseguer},
	Title = {Building Equational Proving Tools by Reflection in Rewriting Logic},
	Year = {1998}}

@article{maude_ltl,
	Author = {Steven Eker and Jos\'e Meseguer and Ambarish Sridharanarayanan},
	Doi = {10.1016/S1571-0661(05)82534-4},
	Issn = {1571-0661},
	Journal = {Electronic Notes in Theoretical Computer Science},
	Number = {0},
	Pages = {162 - 187},
	Title = {The Maude LTL Model Checker},
	Url = {http://www.sciencedirect.com/science/article/pii/S1571066105825344},
	Volume = {71},
	Year = {2004},
	Bdsk-Url-1 = {http://www.sciencedirect.com/science/article/pii/S1571066105825344},
	Bdsk-Url-2 = {http://dx.doi.org/10.1016/S1571-0661(05)82534-4}}

@incollection{curry_howard,
	Author = {W. A. Howard},
	Booktitle = {The Curry-Howard Isomorphism},
	Title = {The Formul\ae-as-Types Notion of Construction},
	Year = {1969}}

@misc{coq,
	Author = {{Coq} {Development} {Team}, The},
	Howpublished = {\url{http://coq.inria.fr/}},
	Title = {{The Coq Proof Assistant}}}

@manual{Coq12,
	Author = {{Coq} {Development} {Team}, The},
	Month = Aug,
	Note = {Available electronically at \url{http://coq.inria.fr/doc}},
	Title = {The {Coq} Reference Manual, version 8.4},
	Year = {2012}}

@misc{ocaml,
	Author = {\href{mailto:caml@inria.fr}{caml@inria.fr}},
	Howpublished = {\url{http://caml.inria.fr}},
	Title = {OCaml}}

@inproceedings{cpp_mult_inh,
	Author = {Daniel Wasserrab and Tobias Nipkow and Gregor Snelting and Frank Tip},
	Booktitle = {OOPSLA '06: Object oriented programming, systems, languages, and applications},
	Publisher = {ACM Press},
	Title = {An Operational Semantics and Type Safety Proof for Multiple Inheritance in C++},
	Year = 2006}

@inproceedings{bali,
	Author = {Tobias Nipkow and David von Oheimb},
	Booktitle = {Proc.\ 25th ACM Symp.\ Principles of Programming Languages},
	Pages = {161--170},
	Publisher = {ACM Press},
	Title = {Java$_{{\ell}ight}$ is Type-Safe --- Definitely},
	Year = 1998}

@conference{eiffel,
	Author = {Isabelle Attali and Denis Caromel and Michael Oudshoorn},
	Booktitle = {Australian Computer Science Conference (ACSC)},
	Title = {A Formal Definition of the Dynamic Semantics of the Eiffel Language},
	Year = 1993}

@article{coq_proof_assistant,
	Author = {Huet, G{\'e}rard and Kahn, Gilles and Paulin-Mohring, Christine},
	Journal = {A Tutorial. Version},
	Title = {The Coq proof assistant},
	Volume = {5},
	Year = {1997}}

@inproceedings{Dowek2012,
	Acmid = {2359895},
	Address = {Berlin, Heidelberg},
	Author = {Dowek, G.},
	Booktitle = {Proceedings of the 39th International Colloquium Conference on Automata, Languages, and Programming - Volume Part II},
	Doi = {10.1007/978-3-642-31585-5_2},
	Isbn = {978-3-642-31584-8},
	Location = {Warwick, UK},
	Numpages = {3},
	Pages = {13--15},
	Publisher = {Springer-Verlag},
	Series = {ICALP'12},
	Title = {A Theory Independent Curry-de Bruijn-howard Correspondence},
	Url = {http://dx.doi.org/10.1007/978-3-642-31585-5_2},
	Year = {2012},
	Bdsk-Url-1 = {http://dx.doi.org/10.1007/978-3-642-31585-5_2}}

@article{PierceTurner92,
	Author = {Pierce, B. C. and Turner, D. N.},
	Bcp = {Yes},
	Conf = {http://www.cis.upenn.edu/~bcpierce/papers/oop-popl.ps},
	Journal = {Journal of Functional Programming},
	Keys = {oop},
	Month = apr,
	Number = 2,
	Pages = {207--247},
	Pdf = {http://www.cis.upenn.edu/~bcpierce/papers/oop.pdf},
	Plclub = {Yes},
	Ps = {http://www.cis.upenn.edu/~bcpierce/papers/oop.ps},
	Title = {Simple Type-Theoretic Foundations for Object-Oriented Programming},
	Volume = 4,
	Year = {1994}}

@article{BruceCardelliPierce96,
	Author = {Bruce, K. B. and Cardelli, L. and Pierce, B. C.},
	Bcp = {Yes},
	Journal = {Information and Computation},
	Keys = {oop},
	Month = nov,
	Number = {1/2},
	Pages = {108--133},
	Plclub = {Yes},
	Ps = {http://www.cis.upenn.edu/~bcpierce/papers/compobj.ps},
	Title = {Comparing Object Encodings},
	Volume = 155,
	Year = 1999}

@book{abadi1996theory,
	Author = {Abadi, M. and Cardelli, L.},
	Isbn = {9780387947754},
	Lccn = {96017038},
	Publisher = {Springer New York},
	Series = {Monographs in Computer Science},
	Title = {A Theory of Objects},
	Year = {1996}}

@inproceedings{abadi94FO,
	Author = {Mart\'{i}n Abadi and Luca Cardelli},
	Booktitle = {In Proc. TACS'94, Theoretical Aspects of Computing Sofware},
	Pages = {296--320},
	Title = {A theory of primitive objects: Untyped and first-order systems},
	Year = {1994}}

@inproceedings{abadi94SO,
	Author = {Mart\'{i}n Abadi and Luca Cardelli},
	Booktitle = {Proc. ESOP'94 - European Symposium on Programming},
	Publisher = {Springer-Verlag},
	Title = {A theory of primitive objects: second-order systems}}

@inproceedings{Gillard00,
	Author = {Gillard, G.},
	Bibsource = {DBLP, http://dblp.uni-trier.de},
	Booktitle = {CADE},
	Crossref = {cade2000},
	Ee = {http://dx.doi.org/10.1007/10721959_33},
	Pages = {417-432},
	Title = {A Formalization of a Concurrent Object Calculus up to alpha-Conversion},
	Year = {2000}}

@proceedings{cade2000,
	Bibsource = {DBLP, http://dblp.uni-trier.de},
	Booktitle = {CADE},
	Editor = {McAllester, D. A.},
	Isbn = {3-540-67664-3},
	Publisher = {Springer},
	Series = {LNCS},
	Title = {Automated Deduction - CADE-17, 17th International Conference on Automated Deduction, Pittsburgh, PA, USA, June 17-20, 2000, Proceedings},
	Volume = {1831},
	Year = {2000}}

@article{CiaffaglioneLM07,
	Author = {Ciaffaglione, A. and Liquori, L. and Miculan, M.},
	Bibsource = {DBLP, http://dblp.uni-trier.de},
	Ee = {http://dx.doi.org/10.1007/s10817-006-9061-y},
	Journal = {J. Autom. Reasoning},
	Number = {1},
	Pages = {1-47},
	Title = {Reasoning about Object-based Calculi in (Co)Inductive Type Theory and the Theory of Contexts},
	Volume = {39},
	Year = {2007}}

@article{Harper1993,
	Acmid = {138060},
	Address = {New York, NY, USA},
	Author = {Harper, R. and Honsell, F. and Plotkin, G.},
	Doi = {10.1145/138027.138060},
	Issn = {0004-5411},
	Issue_Date = {Jan. 1993},
	Journal = {J. ACM},
	Keywords = {formal systems, interactive theorem proving, proof checking, typed lambda calculus},
	Month = jan,
	Number = {1},
	Numpages = {42},
	Pages = {143--184},
	Publisher = {ACM},
	Title = {A Framework for Defining Logics},
	Url = {http://doi.acm.org/10.1145/138027.138060},
	Volume = {40},
	Year = {1993},
	Bdsk-Url-1 = {http://doi.acm.org/10.1145/138027.138060},
	Bdsk-Url-2 = {http://dx.doi.org/10.1145/138027.138060}}

@inproceedings{hurd2011,
	Abstract = {Interactive theorem proving is tackling ever larger formalization and
verification projects, and there is a critical need for theory
engineering techniques to support these efforts. One such technique is
cross-prover package management, which has the potential to simplify
the development of logical theories and effectively share theories
between different theorem prover implementations. The OpenTheory
project has developed standards for packaging theories of the higher
order logic implemented by the HOL family of theorem provers. What is
currently missing is a standard theory library that can serve as a
published contract of interoperability and contain proofs of basic
properties that would otherwise appear in many theory packages. The
core contribution of this paper is the presentation of a standard
theory library for higher order logic represented as an OpenTheory
package. We identify the core theory set of the HOL family of theorem
provers, and describe the process of instrumenting the HOL Light
theorem prover to extract a standardized version of its core theory
development. We profile the axioms and theorems of our standard theory
library and investigate the performance cost of separating the
standard theory library into coherent hierarchical theory packages.},
	Author = {Joe Hurd},
	Booktitle = {NASA Formal Methods},
	Pages = {177--191},
	Title = {The {OpenTheory} Standard Theory Library},
	Url = {http://gilith.com/research/papers},
	Year = 2011,
	Bdsk-Url-1 = {http://gilith.com/research/papers}}

@inproceedings{setzer06,
	Address = {Bristol and Chicago},
	Author = {Anton Setzer},
	Booktitle = {Trends in Functional Programming Volume 7},
	Editor = {Henrik Nilsson},
	Pages = {91 -- 108},
	Publisher = {Intellect},
	Title = {Object-oriented programming in dependent type theory},
	Year = {2007}}

@book{BBook,
	Author = {Abrial, Jean-Raymond},
	Isbn = {0-521-49619-5},
	Month = aug,
	Publisher = {Cambridge University Press},
	Title = {The {B}~Book - Assigning Programs to Meanings},
	Year = {1996}}

@inproceedings{lambdalifting,
	Author = {Johnsson, Thomas},
	Booktitle = {Proc. of a conference on Functional programming languages and computer architecture},
	Publisher = {Springer-Verlag},
	Title = {Lambda lifting: transforming programs to recursive equations},
	Year = {1985}}

@article{FeatherweightJava-AFP,
	Author = {J. Nathan Foster and Dimitrios Vytiniotis},
	Issn = {2150-914x},
	Journal = {Archive of Formal Proofs},
	Month = mar,
	Note = {\url{http://afp.sf.net/entries/FeatherweightJava.shtml}, Formal proof development},
	Title = {A Theory of Featherweight Java in Isabelle/HOL},
	Year = 2006}

@inproceedings{FeatherweightJavaCoq,
	Acmid = {2318206},
	Address = {New York, NY, USA},
	Author = {Mackay, Julian and Mehnert, Hannes and Potanin, Alex and Groves, Lindsay and Cameron, Nicholas},
	Booktitle = {Proceedings of the 14th Workshop on Formal Techniques for Java-like Programs},
	Doi = {10.1145/2318202.2318206},
	Isbn = {978-1-4503-1272-1},
	Keywords = {Coq, automated theorem provers, immutability, type systems},
	Location = {Beijing, China},
	Numpages = {9},
	Pages = {11--19},
	Publisher = {ACM},
	Series = {FTfJP '12},
	Title = {Encoding Featherweight Java with Assignment and Immutability Using the Coq Proof Assistant},
	Url = {http://doi.acm.org/10.1145/2318202.2318206},
	Year = {2012},
	Bdsk-Url-1 = {http://doi.acm.org/10.1145/2318202.2318206},
	Bdsk-Url-2 = {http://dx.doi.org/10.1145/2318202.2318206}}

@inproceedings{HOAS,
	Author = {Frank Pfenning and Conal Elliott},
	Booktitle = {Programming Language Design and Implementation},
	Title = {Higher-Order Abstract Syntax},
	Url = {http://conal.net/papers/hoas.pdf},
	Year = 1988,
	Bdsk-Url-1 = {http://conal.net/papers/hoas.pdf}}

@incollection{kersani_peltier_induction_superposition,
	Author = {Kersani, Abdelkader and Peltier, Nicolas},
	Booktitle = {Frontiers of Combining Systems},
	Doi = {10.1007/978-3-642-40885-4_2},
	Editor = {Fontaine, Pascal and Ringeissen, Christophe and Schmidt, RenateA.},
	Isbn = {978-3-642-40884-7},
	Language = {English},
	Pages = {7-22},
	Publisher = {Springer Berlin Heidelberg},
	Series = {Lecture Notes in Computer Science},
	Title = {Combining Superposition and Induction: A Practical Realization},
	Url = {http://dx.doi.org/10.1007/978-3-642-40885-4_2},
	Volume = {8152},
	Year = {2013},
	Bdsk-Url-1 = {http://dx.doi.org/10.1007/978-3-642-40885-4_2}}

@inproceedings{CirsteaKirchnerLiquoriMatchingPower-RTA2001,
	Abstract = {In this paper we give a simple and uniform
    presentation of the rewriting calculus, also called
    rho-calculus.  In addition to its simplicity, this formulation
computations    explicitly allows us to encode complex structures such as
    lists, sets, and objects.  We provide extensive examples of
    the calculus, and we focus on its ability to represent some
    object oriented calculi, namely the Lambda Calculus of Objects
    of Fisher, Honsell, and Mitchell, and the Object Calculus of
    Abadi and Cardelli. Furthermore, the calculus allows us to get
    object oriented constructions unreachable in other calculi. In
    summa, we intend to show that because of its matching ability,
    the rho-calculus represents a ``lingua franca'' to naturally
    encode many paradigms of computations. This enlightens the
    capabilities of the rewriting calculus based language ELAN to
    be used as a logical as well as powerful semantical framework.
    },
	Author = {Cirstea,~Horatiu and Kirchner,~Claude and Liquori,~Luigi},
	Booktitle = {Proceedings of {RTA'2001}},
	Month = MAY,
	Ps = {data/rta2001.pdf},
	Publisher = {Springer-Verlag},
	Series = {{Lecture Notes in Computer Science}},
	Title = {{M}atching {P}ower},
	Year = {2001}}

@article{casc_06,
	Author = {Sutcliffe, G. and Suttner, C.},
	Journal = {AI Communications},
	Number = {1},
	Pages = {35-48},
	Title = {{The State of CASC}},
	Volume = {19},
	Year = {2006}}

@incollection{princess_prover,
	Author = {R{\"u}mmer, Philipp},
	Booktitle = {{Logic for Programming, Artificial Intelligence, and Reasoning}},
	Doi = {10.1007/978-3-540-89439-1_20},
	Editor = {Cervesato, Iliano and Veith, Helmut and Voronkov, Andrei},
	Isbn = {978-3-540-89438-4},
	Language = {English},
	Pages = {274-289},
	Publisher = {Springer Berlin Heidelberg},
	Series = {Lecture Notes in Computer Science},
	Title = {{A Constraint Sequent Calculus for First-Order Logic with Linear Integer Arithmetic}},
	Url = {http://dx.doi.org/10.1007/978-3-540-89439-1_20},
	Volume = {5330},
	Year = {2008},
	Bdsk-Url-1 = {http://dx.doi.org/10.1007/978-3-540-89439-1_20}}

@article{fast_decision_procedure_congruence_closure,
	Author = {Greg Nelson and Oppen, Derek C.},
	Journal = {Journal of the ACM},
	Pages = {356--364},
	Title = {{Fast decision procedures based on congruence closure}},
	Volume = {27},
	Year = {1980}}

@inproceedings{avatar,
	Author = {Andrei Voronkov},
	Bibsource = {dblp computer science bibliography, http://dblp.org},
	Biburl = {http://dblp.uni-trier.de/rec/bib/conf/cav/Voronkov14},
	Booktitle = {Computer Aided Verification - 26th International Conference, {CAV} 2014, Held as Part of the Vienna Summer of Logic, {VSL} 2014, Vienna, Austria, July 18-22, 2014. Proceedings},
	Doi = {10.1007/978-3-319-08867-9_46},
	Pages = {696--710},
	Timestamp = {Mon, 30 Jun 2014 11:31:20 +0200},
	Title = {{AVATAR:} The Architecture for First-Order Theorem Provers},
	Url = {http://dx.doi.org/10.1007/978-3-319-08867-9_46},
	Year = {2014},
	Bdsk-Url-1 = {http://dx.doi.org/10.1007/978-3-319-08867-9_46}}

@inproceedings{cvc4_induction_2015,
	Author = {Andrew Reynolds and Viktor Kuncak},
	Booktitle = {Verification, Model Checking, and Abstract Interpretation (VMCAI)},
	Localurl = {http://lara.epfl.ch/~kuncak/papers/ReynoldsKuncak15InductionSMTSolvers.pdf},
	Title = {Induction for {SMT} Solvers},
	Year = 2015}

@inproceedings{isaplanner_2010,
	Author = {M. Johansson and L. Dixon and A. Bundy.},
	Booktitle = {{Journal of Automated Reasoning}},
	Title = {{Conjecture Synthesis for Inductive Theories}},
	Year = 2010}

@inproceedings{depqbf,
	Author = {Florian Lonsing and Armin Biere},
	Booktitle = {{Journal on Satisfiability, Boolean Modeling and Computation}},
	Title = {{DepQBF: A Dependency-Aware QBF Solver}},
	Year = 2010}

@inproceedings{hipspec_2012,
	Author = {Claessen, Koen and Johansson, Moa and Ros{\'e}n, Dan and Smallbone, Nicholas},
	Booktitle = {ATx/WInG@ IJCAR},
	Organization = {Citeseer},
	Title = {HipSpec: Automating Inductive Proofs of Program Properties.},
	Year = {2012}}

@inproceedings{spike_92,
	Author = {Bouhoula, Adel and Kounalis, Emmanuel and Rusinowitch, Micha{\"e}l},
	Booktitle = {Logic Programming and Automated Reasoning},
	Organization = {Springer},
	Title = {{SPIKE, an automatic theorem prover}},
	Year = {1992}}

@misc{Comon94inductionlessinduction,
	Author = {Hubert Comon},
	Title = {Inductionless Induction},
	Year = {1994}}

@inproceedings{resolve_and_expand_quantor,
	Author = {Armin Biere},
	Booktitle = {{Proc. 7th Intl. Conf. on Theory and Applications of Satisfiability Testing (SAT'04)}},
	Doi = {10.1007/11527695_5},
	Organization = {Springer},
	Series = {{Lecture Notes in Computer Science (LNCS)}},
	Title = {{Resolve and Expand}},
	Volume = {3542},
	Year = {2004},
	Bdsk-Url-1 = {http://dx.doi.org/10.1007/11527695_5}}

@inproceedings{leo_2_prover,
	Author = {Christoph Benzm{\"u}ller and Frank Theiss and Larry Paulson and Arnaud Fietzke},
	Booktitle = {Automated Reasoning, 4th International Joint Conference, IJCAR 2008, Sydney, Australia, August 12-15, 2008, Proceedings},
	Editor = {Alessandro Armando and Peter Baumgartner and Gilles Dowek},
	Key = {C26},
	Pages = {162-170},
	Publisher = {Springer},
	Series = {LNCS},
	Title = {{LEO-II} - A Cooperative Automatic Theorem Prover for Higher-Order Logic},
	Url = {www.ags.uni-sb.de/~chris/papers/C26.pdf},
	Volume = 5195,
	Year = 2008,
	Bdsk-Url-1 = {www.ags.uni-sb.de/~chris/papers/C26.pdf}}

@inproceedings{Bachmair94rewritetechniques,
	Author = {Leo Bachmair and Harald Ganzinger},
	Booktitle = {In Proc., 9th IEEE Symposium on Logic in Computer Science},
	Pages = {384--393},
	Publisher = {IEEE Computer Society Press},
	Title = {{Rewrite Techniques for Transitive Relations}},
	Year = {1994}}

@inproceedings{Filliatre06hashconsing,
	Author = {Filli{\^a}tre, Jean-Christophe and Conchon, Sylvain},
	Booktitle = {In: Proceedings of the 2006 workshop on ML},
	Pages = {12--19},
	Publisher = {ACM Press},
	Title = {{Type-safe modular hash-consing}},
	Year = {2006}}

@article{resolution_for_qbf_1995,
	Author = {Hans {Kleine B\"uning} and M. Karpinski and A. Flogel},
	Doi = {http://dx.doi.org/10.1006/inco.1995.1025},
	Issn = {0890-5401},
	Journal = {Information and Computation},
	Number = {1},
	Pages = {12 - 18},
	Title = {{Resolution for Quantified Boolean Formulas}},
	Url = {http://www.sciencedirect.com/science/article/pii/S0890540185710255},
	Volume = {117},
	Year = {1995},
	Bdsk-Url-1 = {http://www.sciencedirect.com/science/article/pii/S0890540185710255},
	Bdsk-Url-2 = {http://dx.doi.org/10.1006/inco.1995.1025}}

@incollection{tseitin,
	Author = {Tseitin, G.S.},
	Booktitle = {{Automation of Reasoning}},
	Doi = {10.1007/978-3-642-81955-1_28},
	Editor = {Siekmann, J{\"o}rg H. and Wrightson, Graham},
	Isbn = {978-3-642-81957-5},
	Language = {English},
	Pages = {466-483},
	Publisher = {Springer Berlin Heidelberg},
	Series = {Symbolic Computation},
	Title = {{On the Complexity of Derivation in Propositional Calculus}},
	Url = {http://dx.doi.org/10.1007/978-3-642-81955-1_28},
	Year = {1983},
	Bdsk-Url-1 = {http://dx.doi.org/10.1007/978-3-642-81955-1_28}}

@incollection{booyer_moore,
	Author = {M. Kaufmann and R. S. Boyer},
	Booktitle = {{Computers and Mathematics with Applications}},
	Title = {{The Boyer-Moore Theorem Prover and Its Interactive Enhancement}},
	Year = 1995}

@article{robbins_problem_mc_cune,
	Author = {McCune, William},
	Doi = {10.1023/A:1005843212881},
	Issn = {0168-7433},
	Journal = {{Journal of Automated Reasoning}},
	Language = {English},
	Number = {3},
	Pages = {263-276},
	Publisher = {Kluwer Academic Publishers},
	Title = {{Solution of the Robbins Problem}},
	Url = {{http://dx.doi.org/10.1023/A\%3A1005843212881}},
	Volume = {19},
	Year = {1997},
	Bdsk-Url-1 = {%7Bhttp://dx.doi.org/10.1023/A%5C%3A1005843212881%7D},
	Bdsk-Url-2 = {http://dx.doi.org/10.1023/A:1005843212881}}

@techreport{theorem_proving_modulo_report,
	Author = {Dowek, Gilles and Hardin, Th{\'e}r{\`e}se and Kirchner, Claude},
	Institution = {Institut National de Recherche en Informatique et en Automatique},
	Month = {April},
	Note = {\verb|ftp://ftp.inria.fr/INRIA/publication/RR/RR-3400.ps.gz|},
	Number = {3400},
	Title = {{Theorem Proving Modulo}},
	Type = {Rapport de Recherche},
	Year = {1998}}

@article{theorem_proving_modulo,
	Author = {Gilles Dowek and Th{\'e}r{\`e}se Hardin and Claude Kirchner},
	Journal = {Journal of Automated Reasoning},
	Title = {Theorem Proving Modulo},
	Year = {2003}}

@article{Milner78atheory,
	Author = {Robin Milner},
	Journal = {Journal of Computer and System Sciences},
	Pages = {348--375},
	Title = {{A theory of type polymorphism in programming}},
	Volume = {17},
	Year = {1978}}

@inproceedings{de_bruijn_indices,
	Author = {De Bruijn, Nicolaas Govert},
	Booktitle = {Indagationes Mathematicae (Proceedings)},
	Old_Number = {5},
	Organization = {Elsevier},
	Pages = {381--392},
	Title = {{Lambda calculus notation with nameless dummies, a tool for automatic formula manipulation, with application to the Church-Rosser theorem}},
	Volume = {75},
	Year = {1972}}

@book{nipkow2002isabelle,
	Author = {Nipkow, Tobias and Paulson, Lawrence C and Wenzel, Markus},
	Publisher = {Springer Science \& Business Media},
	Title = {{Isabelle/HOL: a proof assistant for higher-order logic}},
	Volume = {2283},
	Year = {2002}}

@inproceedings{stratulat2012unified,
	Author = {Stratulat, Sorin},
	Booktitle = {Turing-100, The Alan Turing Centenary Conference},
	Title = {{A unified view of induction reasoning for first-order logic}},
	Year = {2012}}

@inproceedings{polymorphic_superposition_wand,
	Address = {Vienna, Austria},
	Author = {Wand, Daniel},
	Booktitle = {{4th Workshop on Practical Aspects of Automated Reasoning (PAAR 2014)}},
	Editor = {Konev, Boris and de Moura, Leonardo and Schulz, Stephan},
	Hal_Id = {hal-01098078},
	Hal_Version = {v1},
	Month = Jul,
	Pages = {15},
	Pdf = {https://hal.inria.fr/hal-01098078/file/draft.pdf},
	Title = {{Polymorphic+Typeclass Superposition}},
	Url = {https://hal.inria.fr/hal-01098078},
	Year = {2014},
	Bdsk-Url-1 = {https://hal.inria.fr/hal-01098078}}

@book{DecisionProcedure,
	Author = {Kroening, Daniel and Strichman, Ofer},
	Isbn = {978-3-540-74104-6},
	Publisher = {Springer},
	Title = {{Decision Procedures, An Algorithmic Point of View}},
	Year = 2008}

@article{Pugh92,
	Author = {William Pugh},
	Journal = {CACM},
	Month = aug,
	Number = 8,
	Pages = {102--114},
	Title = {{The Omega test: a fast and practical integer programming algorithm for dependence analysis}},
	Volume = 35,
	Year = 1992}

@misc{splitting_without_backtracking,
	Author = {Alexandre Riazanov and Andrei Voronkov},
	Title = {{Splitting Without Backtracking}},
	Year = {2001}}

@article{spass_labelled_splitting,
	Author = {Fietzke, Arnaud and Weidenbach, Christoph},
	Doi = {10.1007/s10472-009-9150-9},
	Issn = {1012-2443},
	Journal = {Annals of Mathematics and Artificial Intelligence},
	Keywords = {Superposition; Splitting; Labels; 68T15},
	Language = {English},
	Number = {1-2},
	Pages = {3-34},
	Publisher = {Springer Netherlands},
	Title = {{Labelled splitting}},
	Url = {http://dx.doi.org/10.1007/s10472-009-9150-9},
	Volume = {55},
	Year = {2009},
	Bdsk-Url-1 = {http://dx.doi.org/10.1007/s10472-009-9150-9}}

@incollection{matita_smart_matching_superposition,
	Author = {Asperti, Andrea and Tassi, Enrico},
	Booktitle = {Intelligent Computer Mathematics},
	Doi = {10.1007/978-3-642-14128-7_23},
	Isbn = {978-3-642-14127-0},
	Language = {English},
	Pages = {263-277},
	Publisher = {Springer Berlin Heidelberg},
	Series = {Lecture Notes in Computer Science},
	Title = {Smart Matching},
	Url = {http://dx.doi.org/10.1007/978-3-642-14128-7_23},
	Volume = {6167},
	Year = {2010},
	Bdsk-Url-1 = {http://dx.doi.org/10.1007/978-3-642-14128-7_23}}

@incollection{iprover_eq_labelled_unit_sup,
	Author = {Korovin, Konstantin and Sticksel, Christoph},
	Booktitle = {Logic for Programming, Artificial Intelligence, and Reasoning},
	Doi = {10.1007/978-3-642-16242-8_33},
	Editor = {Ferm{\"u}ller, ChristianG. and Voronkov, Andrei},
	Isbn = {978-3-642-16241-1},
	Language = {English},
	Pages = {459-473},
	Publisher = {Springer Berlin Heidelberg},
	Series = {Lecture Notes in Computer Science},
	Title = {Labelled Unit Superposition Calculi for Instantiation-Based Reasoning},
	Url = {http://dx.doi.org/10.1007/978-3-642-16242-8_33},
	Volume = {6397},
	Year = {2010},
	Bdsk-Url-1 = {http://dx.doi.org/10.1007/978-3-642-16242-8_33}}

@inproceedings{wand1987complete,
	Author = {Wand, Mitchell},
	Booktitle = {LICS},
	Pages = {37--44},
	Title = {Complete type inference for simple objects},
	Volume = {87},
	Year = {1987}}

@incollection{polarized_resolution_modulo,
	Author = {Dowek, Gilles},
	Booktitle = {Theoretical Computer Science},
	Doi = {10.1007/978-3-642-15240-5_14},
	Editor = {Calude, CristianS. and Sassone, Vladimiro},
	Isbn = {978-3-642-15239-9},
	Language = {English},
	Pages = {182-196},
	Publisher = {Springer Berlin Heidelberg},
	Series = {IFIP Advances in Information and Communication Technology},
	Title = {Polarized Resolution Modulo},
	Url = {http://dx.doi.org/10.1007/978-3-642-15240-5_14},
	Volume = {323},
	Year = {2010},
	Bdsk-Url-1 = {http://dx.doi.org/10.1007/978-3-642-15240-5_14}}

@incollection{rewrite_systems_nat_int_rat,
	Author = {Contejean, Evelyne and March{\'e}, Claude and Rabehasaina, Landy},
	Booktitle = {Rewriting Techniques and Applications},
	Doi = {10.1007/3-540-62950-5_64},
	Editor = {Comon, Hubert},
	Isbn = {978-3-540-62950-4},
	Language = {English},
	Pages = {98-112},
	Publisher = {Springer Berlin Heidelberg},
	Series = {Lecture Notes in Computer Science},
	Title = {Rewrite systems for natural, integral, and rational arithmetic},
	Url = {http://dx.doi.org/10.1007/3-540-62950-5_64},
	Volume = {1232},
	Year = {1997},
	Bdsk-Url-1 = {http://dx.doi.org/10.1007/3-540-62950-5_64}}

@unpublished{deconstructing_shostak,
	Author = {Harald Rue{\ss} and Shankar, Natarajan},
	Note = {To be presented at {LICS'2001}},
	Title = {{Deconstructing Shostak}},
	Url = {http://www.csl.sri.com/papers/lics01/},
	Year = {2001},
	Bdsk-Url-1 = {http://www.csl.sri.com/papers/lics01/}}

@misc{combining_shostak,
	Author = {Natarajan Shankar and Harald Rue{\ss}},
	Title = {Combining Shostak Theories},
	Year = {2002}}

@misc{alt_ergo_prover,
	Author = {Bobot, Fran{\c{c}}ois and Conchon, Sylvain and Contejean, E and Iguernelala, Mohamed and Lescuyer, St{\'e}phane and Mebsout, Alain},
	Title = {{The Alt-Ergo automated theorem prover, 2008}},
	Year = {2013}}

@incollection{inductionEquationalSpecZhang,
	Author = {Zhang, Hantao and Kapur, Deepak and Krishnamoorthy, Mukkai S.},
	Booktitle = {9th International Conference on Automated Deduction},
	Doi = {10.1007/BFb0012831},
	Editor = {Lusk, Ewing and Overbeek, Ross},
	Isbn = {978-3-540-19343-2},
	Language = {English},
	Pages = {162-181},
	Publisher = {Springer Berlin Heidelberg},
	Series = {Lecture Notes in Computer Science},
	Title = {A mechanizable induction principle for equational specifications},
	Url = {http://dx.doi.org/10.1007/BFb0012831},
	Volume = {310},
	Year = {1988},
	Bdsk-Url-1 = {http://dx.doi.org/10.1007/BFb0012831}}

@article{rippling_heuristic,
	Author = {Alan Bundy and Andrew Stevens and Frank van Harmelen and Andrew Ireland and Alan Smaill},
	Doi = {http://dx.doi.org/10.1016/0004-3702(93)90079-Q},
	Issn = {0004-3702},
	Journal = {Artificial Intelligence},
	Number = {2},
	Pages = {185 - 253},
	Title = {Rippling: A heuristic for guiding inductive proofs},
	Url = {http://www.sciencedirect.com/science/article/pii/000437029390079Q},
	Volume = {62},
	Year = {1993},
	Bdsk-Url-1 = {http://www.sciencedirect.com/science/article/pii/000437029390079Q},
	Bdsk-Url-2 = {http://dx.doi.org/10.1016/0004-3702(93)90079-Q}}

@book{boyer_moore_logic_handbook,
	Author = {Boyer, Robert S and Moore, J Strother},
	Publisher = {Elsevier},
	Title = {A Computational Logic Handbook: Formerly Notes and Reports in Computer Science and Applied Mathematics},
	Year = {2014}}

@incollection{labelled_clauses,
	Author = {Lev-Ami, Tal and Weidenbach, Christoph and Reps, Thomas and Sagiv, Mooly},
	Booktitle = {Automated Deduction -- CADE-21},
	Doi = {10.1007/978-3-540-73595-3_21},
	Editor = {Pfenning, Frank},
	Isbn = {978-3-540-73594-6},
	Language = {English},
	Pages = {311-327},
	Publisher = {Springer Berlin Heidelberg},
	Series = {Lecture Notes in Computer Science},
	Title = {Labelled Clauses},
	Url = {http://dx.doi.org/10.1007/978-3-540-73595-3_21},
	Volume = {4603},
	Year = {2007},
	Bdsk-Url-1 = {http://dx.doi.org/10.1007/978-3-540-73595-3_21}}

@incollection{encoding_mono_and_poly_types,
	Author = {Blanchette, Jasmin Christian and B{\"o}hme, Sascha and Popescu, Andrei and Smallbone, Nicholas},
	Booktitle = {Tools and Algorithms for the Construction and Analysis of Systems},
	Doi = {10.1007/978-3-642-36742-7_34},
	Editor = {Piterman, Nir and Smolka, Scott A.},
	Isbn = {978-3-642-36741-0},
	Language = {English},
	Pages = {493-507},
	Publisher = {Springer Berlin Heidelberg},
	Series = {Lecture Notes in Computer Science},
	Title = {{Encoding Monomorphic and Polymorphic Types}},
	Url = {http://dx.doi.org/10.1007/978-3-642-36742-7_34},
	Volume = {7795},
	Year = {2013},
	Bdsk-Url-1 = {http://dx.doi.org/10.1007/978-3-642-36742-7_34}}

@incollection{automatic_proof_disproof_isabelle,
	Author = {Blanchette, Jasmin Christian and Bulwahn, Lukas and Nipkow, Tobias},
	Booktitle = {Frontiers of Combining Systems},
	Pages = {12--27},
	Publisher = {Springer},
	Title = {{Automatic proof and disproof in Isabelle/HOL}},
	Year = {2011}}

@article{multiset_ordering,
	Author = {Dershowitz, Nachum and Manna, Zohar},
	Journal = {Communications of the ACM},
	Number = {8},
	Pages = {465--476},
	Publisher = {ACM},
	Title = {{Proving termination with multiset orderings}},
	Volume = {22},
	Year = {1979}}

@inproceedings{cook1971complexity,
	Author = {Cook, Stephen A},
	Booktitle = {Proceedings of the third annual ACM symposium on Theory of computing},
	Organization = {ACM},
	Pages = {151--158},
	Title = {The complexity of theorem-proving procedures},
	Year = {1971}}

@article{church1936unsolvable,
	Author = {Church, Alonzo},
	Journal = {American journal of mathematics},
	Pages = {345--363},
	Publisher = {JSTOR},
	Title = {An unsolvable problem of elementary number theory},
	Year = {1936}}

@phdthesis{poly_types_smolka,
	Author = {Gert Smolka},
	Bibsource = {dblp computer science bibliography, http://dblp.org},
	Biburl = {http://dblp.uni-trier.de/rec/bib/phd/Smolka89},
	School = {Universit{\"{a}}t Kaiserslautern},
	Timestamp = {Fri, 04 Jan 2008 11:18:01 +0100},
	Title = {Logic Programming over Polymorphically Order-Sorted Types},
	Year = {1989}}

@article{robinson_unif,
	Author = {Robinson, J. A.},
	Journal = {Machine intelligence},
	Number = {63-72},
	Pages = {10--1},
	Title = {{Computational logic: The unification computation}},
	Volume = {6},
	Year = {1971}}

@inproceedings{bachmair_ganzinger_superposition,
	Author = {Leo Bachmair and Harald Ganzinger},
	Bibsource = {dblp computer science bibliography, http://dblp.org},
	Biburl = {http://dblp.uni-trier.de/rec/bib/conf/cade/BachmairG90},
	Booktitle = {10th International Conference on Automated Deduction, Kaiserslautern, FRG, July 24-27, 1990, Proceedings},
	Doi = {10.1007/3-540-52885-7_105},
	Editor = {Mark E. Stickel},
	Pages = {427--441},
	Publisher = {Springer},
	Series = {Lecture Notes in Computer Science},
	Timestamp = {Mon, 12 Oct 2009 10:17:19 +0200},
	Title = {{On Restrictions of Ordered Paramodulation with Simplification}},
	Url = {http://dx.doi.org/10.1007/3-540-52885-7_105},
	Volume = {449},
	Year = {1990},
	Bdsk-Url-1 = {http://dx.doi.org/10.1007/3-540-52885-7_105}}

@unpublished{waldmann_counterex,
	Author = {Uwe Waldmann},
	Note = {personal communication},
	Year = {2015}}
